Time,v_l2,threshold
2025-10-09 15:30:17.194489956,18.399276641166086,15.393921423133069
2025-10-09 15:30:17.319380045,17.96922158384052,15.393921423133069
2025-10-09 15:30:17.819449902,17.265137198848983,15.393921423133069
2025-10-09 15:30:17.944540024,19.216865757014308,15.393921423133069
2025-10-09 15:30:18.069430113,15.969205224263792,15.393921423133069
2025-10-09 15:30:33.443340063,17.45128498875584,15.393921423133069
2025-10-09 15:30:33.568229914,28.88249892001017,15.393921423133069
2025-10-09 15:30:33.693320036,36.302082109482754,15.393921423133069
2025-10-09 15:30:33.818219900,33.53954450580513,15.393921423133069
2025-10-09 15:30:33.943310022,20.054253166879924,15.393921423133069
2025-10-09 15:30:34.193289995,22.440298046649808,15.393921423133069
2025-10-09 15:30:34.318180084,34.60680394825011,15.393921423133069
2025-10-09 15:30:34.443269968,35.88190606455152,15.393921423133069
2025-10-09 15:30:34.568160057,28.162065610350837,15.393921423133069
2025-10-09 15:30:34.693249941,17.521136088092405,15.393921423133069
2025-10-09 15:35:17.045969963,18.28091208477982,15.393921423133069
2025-10-09 15:35:17.170860052,26.370134164405748,15.393921423133069
2025-10-09 15:35:17.295949936,30.27599212769172,15.393921423133069
2025-10-09 15:35:17.420840025,25.755343208080657,15.393921423133069
2025-10-09 15:35:17.795919895,21.023127045023937,15.393921423133069
2025-10-09 15:35:17.920809984,29.138762826623584,15.393921423133069
2025-10-09 15:35:18.045900106,28.67612303695918,15.393921423133069
2025-10-09 15:35:18.170799971,21.731425600036047,15.393921423133069
2025-10-09 15:35:20.920530081,15.489109500335037,15.393921423133069
2025-10-09 15:35:21.045619965,17.254710975966823,15.393921423133069
2025-10-09 15:35:21.170409918,16.479092287200167,15.393921423133069
2025-10-09 15:35:21.795480013,16.941666100541436,15.393921423133069
2025-10-09 15:35:21.920370102,16.80414129227367,15.393921423133069
2025-10-09 15:37:55.533400059,21.936320893576386,15.393921423133069
2025-10-09 15:37:55.658390045,25.822432332449846,15.393921423133069
2025-10-09 15:37:55.783279896,22.421103103285706,15.393921423133069
2025-10-09 15:37:56.158560038,18.509692126748682,15.393921423133069
2025-10-09 15:37:56.283449888,25.660889517731643,15.393921423133069
2025-10-09 15:37:56.408339977,25.29076934668388,15.393921423133069
2025-10-09 15:37:56.533339977,19.21078483618408,15.393921423133069
2025-10-09 15:39:08.527539968,15.531873194781431,15.393921423133069
2025-10-09 15:39:08.652539968,16.94099374824665,15.393921423133069
2025-10-09 15:42:00.764329910,27.926000869436677,15.393921423133069
2025-10-09 15:42:00.889329910,34.81575972548494,15.393921423133069
2025-10-09 15:42:01.014319897,38.78212869282194,15.393921423133069
2025-10-09 15:42:01.139410019,26.099813170664806,15.393921423133069
2025-10-09 15:42:01.389300108,16.818759714103358,15.393921423133069
2025-10-09 15:42:01.514290094,32.958752327187256,15.393921423133069
2025-10-09 15:42:01.639179945,38.62480181522221,15.393921423133069
2025-10-09 15:42:01.764169931,33.51308432670778,15.393921423133069
2025-10-09 15:42:01.889070034,21.60284372317587,15.393921423133069
2025-10-09 15:42:08.388870001,15.636075253531718,15.393921423133069
2025-10-09 15:42:08.513859987,15.634656739618496,15.393921423133069
2025-10-09 15:44:08.504240036,16.362175019639228,15.393921423133069
2025-10-09 15:44:29.127680063,16.01818755480254,15.393921423133069
2025-10-09 15:44:29.252670049,16.574534573411675,15.393921423133069
2025-10-09 15:47:02.115439892,18.955926792076507,15.393921423133069
2025-10-09 15:47:02.240540028,22.063836711337334,15.393921423133069
2025-10-09 15:47:02.365329981,18.92593418784029,15.393921423133069
2025-10-09 15:47:02.740410089,15.876091352504785,15.393921423133069
2025-10-09 15:47:02.865299940,20.952736996473348,15.393921423133069
2025-10-09 15:47:02.990390062,20.20053208490828,15.393921423133069
2025-10-09 15:48:48.357259989,22.565526444121286,15.393921423133069
2025-10-09 15:48:48.482249975,26.7240372645639,15.393921423133069
2025-10-09 15:48:48.607249975,23.858910002657037,15.393921423133069
2025-10-09 15:48:48.982320070,16.81572588635167,15.393921423133069
2025-10-09 15:48:49.107320070,24.7185555849615,15.393921423133069
2025-10-09 15:48:49.232310057,25.474929210048842,15.393921423133069
2025-10-09 15:48:49.357300043,20.748330701840715,15.393921423133069
2025-10-09 15:48:52.481810093,17.006789826508406,15.393921423133069
2025-10-09 15:48:52.606899977,21.88775665752313,15.393921423133069
2025-10-09 15:48:52.731889963,23.16054296898606,15.393921423133069
2025-10-09 15:48:52.856889963,15.786485319986058,15.393921423133069
2025-10-09 15:48:53.231859922,22.461415429188897,15.393921423133069
2025-10-09 15:48:53.356760025,25.459744827223503,15.393921423133069
2025-10-09 15:48:53.481750011,21.888178513105952,15.393921423133069
2025-10-09 15:49:10.355420113,15.425157881695574,15.393921423133069
2025-10-09 15:49:10.480509996,16.685883506363215,15.393921423133069
2025-10-09 15:49:20.229820013,15.851654793022586,15.393921423133069
2025-10-09 15:49:20.354710102,17.01208038169756,15.393921423133069
2025-10-09 15:49:20.479899883,15.573687429342383,15.393921423133069
2025-10-09 15:49:32.979039907,16.59787195985612,15.393921423133069
2025-10-09 15:49:33.604000092,15.867125461494691,15.393921423133069
2025-10-09 15:49:33.729089975,16.87483368987896,15.393921423133069
2025-10-09 15:49:33.854079962,15.57428071515269,15.393921423133069
2025-10-09 15:51:29.594520092,16.24428382029651,15.393921423133069
2025-10-09 15:51:29.719710112,16.557205080572416,15.393921423133069
2025-10-09 15:51:44.218529940,15.674906228994832,15.393921423133069
2025-10-09 15:51:46.843369961,17.480674657488397,15.393921423133069
2025-10-09 15:51:46.968359947,17.407668555542898,15.393921423133069
2025-10-09 15:51:47.468329906,15.990992086869499,15.393921423133069
2025-10-09 15:51:47.593219995,19.12259303660097,15.393921423133069
2025-10-09 15:51:47.718219995,16.336481499953532,15.393921423133069
2025-10-09 15:51:48.217989922,16.883244640349645,15.393921423133069
2025-10-09 15:51:48.343080044,15.8383797626374,15.393921423133069
2025-10-09 15:51:50.842930079,19.326550912622743,15.393921423133069
2025-10-09 15:51:50.967920065,21.195097536234083,15.393921423133069
2025-10-09 15:51:51.093009949,18.154062211897312,15.393921423133069
2025-10-09 15:51:55.092969894,16.03278282993938,15.393921423133069
2025-10-09 15:51:55.217859983,17.731583421168903,15.393921423133069
2025-10-09 15:51:55.342849970,15.892991617657199,15.393921423133069
2025-10-09 15:52:08.716639996,15.495852906357138,15.393921423133069
2025-10-09 15:52:26.714940071,18.80911191382725,15.393921423133069
2025-10-09 15:52:26.840229988,22.202713306449507,15.393921423133069
2025-10-09 15:52:26.965219975,21.57455537286101,15.393921423133069
2025-10-09 15:52:27.090209961,17.17343938075163,15.393921423133069
2025-10-09 15:52:27.714979887,18.153462572386157,15.393921423133069
2025-10-09 15:52:27.840070009,18.90329556127148,15.393921423133069
2025-10-09 15:52:27.964960098,17.10247467049286,15.393921423133069
2025-10-09 15:52:34.714550018,15.792552287244046,15.393921423133069
2025-10-09 15:52:34.839639902,15.500602946929579,15.393921423133069
2025-10-09 15:52:35.589400053,16.766955761957714,15.393921423133069
2025-10-09 15:52:35.714489937,16.558748558504718,15.393921423133069
2025-10-09 15:52:36.964410067,18.986952753820027,15.393921423133069
2025-10-09 15:52:37.089400053,21.465231157936152,15.393921423133069
2025-10-09 15:52:37.214400053,20.11273507975146,15.393921423133069
2025-10-09 15:52:37.714370012,15.784762468061466,15.393921423133069
2025-10-09 15:52:37.839359999,20.06484208368155,15.393921423133069
2025-10-09 15:52:37.964349985,19.805074469129547,15.393921423133069
2025-10-09 15:52:38.089339972,16.03275796523396,15.393921423133069
2025-10-09 15:52:41.588929892,16.985706007264014,15.393921423133069
2025-10-09 15:52:41.713920116,15.522978356114878,15.393921423133069
2025-10-09 15:52:42.213890076,19.50799740181485,15.393921423133069
2025-10-09 15:52:42.338880062,18.696006576231973,15.393921423133069
2025-10-09 15:52:49.463249922,15.550214104469427,15.393921423133069
2025-10-09 15:52:49.588340044,17.132498079970798,15.393921423133069
2025-10-09 15:53:05.712059975,15.877045465679783,15.393921423133069
2025-10-09 15:53:05.837150097,16.225489611932886,15.393921423133069
2025-10-09 15:53:10.836539984,15.830359399264127,15.393921423133069
2025-10-09 15:53:11.461610079,15.470858421800646,15.393921423133069
2025-10-09 15:53:14.086450100,15.9253825212916,15.393921423133069
2025-10-09 15:53:14.211539984,16.829293903365524,15.393921423133069
2025-10-09 15:53:14.336529970,15.664713276669477,15.393921423133069
2025-10-09 15:53:21.585989952,17.51398695938603,15.393921423133069
2025-10-09 15:53:21.710979939,16.866693914473576,15.393921423133069
2025-10-09 15:53:22.210949898,16.542750610166223,15.393921423133069
2025-10-09 15:53:22.335839987,17.34564661988428,15.393921423133069
2025-10-09 15:53:30.210059881,15.491089924597365,15.393921423133069
2025-10-09 15:53:31.834959984,17.67606166382778,15.393921423133069
2025-10-09 15:53:31.959959984,18.211409908842725,15.393921423133069
2025-10-09 15:53:33.584860086,16.345171402445523,15.393921423133069
2025-10-09 15:53:33.709850073,15.642568623855743,15.393921423133069
2025-10-09 15:53:34.209919930,17.837925840001272,15.393921423133069
2025-10-09 15:53:34.334909916,21.80231950398122,15.393921423133069
2025-10-09 15:53:34.459899902,21.017138862161616,15.393921423133069
2025-10-09 15:53:34.584800005,16.3176566949661,15.393921423133069
2025-10-09 15:53:35.209759951,17.322238747392642,15.393921423133069
2025-10-09 15:53:35.334850073,16.874580027989794,15.393921423133069
2025-10-09 15:53:35.959810019,16.487090378158634,15.393921423133069
2025-10-09 15:53:49.458689928,16.281855638528334,15.393921423133069
2025-10-09 15:53:52.458400011,16.133466803307467,15.393921423133069
2025-10-09 15:53:53.083270073,18.93898085286109,15.393921423133069
2025-10-09 15:53:53.208260059,19.8247733931332,15.393921423133069
2025-10-09 15:53:53.333250046,17.20526326443635,15.393921423133069
2025-10-09 15:53:53.708230019,17.794500522472497,15.393921423133069
2025-10-09 15:53:53.833220005,19.46756228242702,15.393921423133069
2025-10-09 15:53:53.958309889,17.677944485623577,15.393921423133069
2025-10-09 15:53:56.083280087,16.276201819664283,15.393921423133069
2025-10-09 15:53:56.208280087,15.525968362898078,15.393921423133069
2025-10-09 15:54:05.082429886,16.194617905058397,15.393921423133069
2025-10-09 15:54:07.332299948,18.283313512760728,15.393921423133069
2025-10-09 15:54:07.457190037,18.31634629576341,15.393921423133069
2025-10-09 15:54:07.582279921,15.770977194724841,15.393921423133069
2025-10-09 15:54:19.456459999,23.51764188667527,15.393921423133069
2025-10-09 15:54:19.581549883,27.884957891309117,15.393921423133069
2025-10-09 15:54:19.706439972,25.417331992591567,15.393921423133069
2025-10-09 15:54:19.831530094,15.897308222103577,15.393921423133069
2025-10-09 15:54:20.081520081,18.28298376168469,15.393921423133069
2025-10-09 15:54:20.206409931,26.490658963268373,15.393921423133069
2025-10-09 15:54:20.331500053,26.937995173998583,15.393921423133069
2025-10-09 15:54:20.456399918,20.931334544739567,15.393921423133069
2025-10-09 15:54:23.206130028,17.26134602713989,15.393921423133069
2025-10-09 15:54:23.331120014,15.477550509283855,15.393921423133069
2025-10-09 15:54:33.830280066,15.517743543690397,15.393921423133069
2025-10-09 15:54:33.955270052,18.966570055481437,15.393921423133069
2025-10-09 15:54:34.080260038,19.658658315794316,15.393921423133069
2025-10-09 15:54:34.205159903,17.573247320914994,15.393921423133069
2025-10-09 15:54:51.578900099,15.744066131537846,15.393921423133069
2025-10-09 15:54:51.703789949,16.438381229253107,15.393921423133069
2025-10-09 15:54:52.328649998,19.02440460062367,15.393921423133069
2025-10-09 15:54:52.453739882,20.69625019624318,15.393921423133069
2025-10-09 15:54:52.578639984,17.77985173649432,15.393921423133069
2025-10-09 15:54:57.203550100,17.951961395198435,15.393921423133069
2025-10-09 15:54:57.328449965,19.05752367472933,15.393921423133069
2025-10-09 15:54:57.453540087,16.03519481690487,15.393921423133069
2025-10-09 15:55:09.077229977,16.08047519022647,15.393921423133069
2025-10-09 15:55:09.202320099,16.70782059814017,15.393921423133069
2025-10-09 15:55:09.827179909,16.574419638925704,15.393921423133069
2025-10-09 15:55:09.952280045,16.517576058763254,15.393921423133069
2025-10-09 15:55:46.199460030,16.373517622108427,15.393921423133069
2025-10-09 15:55:46.324559927,21.22873818686907,15.393921423133069
2025-10-09 15:55:46.449549913,24.97688666997167,15.393921423133069
2025-10-09 15:55:46.574440002,24.46215011174208,15.393921423133069
2025-10-09 15:55:46.699429989,18.15685077515328,15.393921423133069
2025-10-09 15:55:47.074709892,16.356395732385966,15.393921423133069
2025-10-09 15:55:47.199700117,20.970800337437364,15.393921423133069
2025-10-09 15:55:47.324599981,20.30559129146642,15.393921423133069
2025-10-09 15:55:47.449589968,16.620017887714717,15.393921423133069
2025-10-09 15:56:13.697289944,15.434817879511794,15.393921423133069
2025-10-09 15:56:25.196579933,17.805157215643504,15.393921423133069
2025-10-09 15:56:25.321680069,16.689137911765606,15.393921423133069
2025-10-09 15:56:57.194129944,15.489595275567565,15.393921423133069
2025-10-09 15:57:06.442970037,16.67885737464617,15.393921423133069
2025-10-09 15:57:06.567859888,17.819361897129006,15.393921423133069
2025-10-09 15:57:06.693049908,17.000964263741512,15.393921423133069
2025-10-09 15:57:36.565829992,16.935841526660667,15.393921423133069
2025-10-09 15:57:36.690819979,16.038664323977983,15.393921423133069
2025-10-09 15:57:47.690049887,16.820649085481477,15.393921423133069
2025-10-09 15:57:52.314769983,15.405440214503445,15.393921423133069
2025-10-09 15:57:52.439759970,20.177978866533092,15.393921423133069
2025-10-09 15:57:52.564749956,20.790334928671495,15.393921423133069
2025-10-09 15:57:52.689749956,15.809089140280692,15.393921423133069
2025-10-09 15:57:53.064919949,17.261464115237473,15.393921423133069
2025-10-09 15:57:53.189810038,20.497378003863666,15.393921423133069
2025-10-09 15:57:53.314810038,18.65843922545251,15.393921423133069
2025-10-09 15:57:57.314260006,15.926146284352411,15.393921423133069
2025-10-09 15:57:59.939100027,17.52080616879597,15.393921423133069
2025-10-09 15:58:00.064199924,18.881822451861098,15.393921423133069
2025-10-09 15:58:00.188990116,17.636548931724484,15.393921423133069
2025-10-09 15:58:00.688760042,18.55679797892697,15.393921423133069
2025-10-09 15:58:00.813849926,18.528471371626342,15.393921423133069
2025-10-09 15:58:00.939039946,15.462579113119977,15.393921423133069
2025-10-09 15:58:12.563129902,19.601756502965312,15.393921423133069
2025-10-09 15:58:12.688019991,21.584090183134638,15.393921423133069
2025-10-09 15:58:12.813119888,19.139905044319498,15.393921423133069
2025-10-09 15:58:13.313090086,17.681159807238185,15.393921423133069
2025-10-09 15:58:13.437979937,19.158126888387677,15.393921423133069
2025-10-09 15:58:13.563070059,15.42129454837424,15.393921423133069
2025-10-09 15:58:26.686969995,16.58966028464947,15.393921423133069
2025-10-09 15:58:26.811959982,18.062101766740273,15.393921423133069
2025-10-09 15:58:31.311589956,17.54319569248266,15.393921423133069
2025-10-09 15:58:31.436579943,17.960866877055377,15.393921423133069
2025-10-09 15:58:46.810539961,20.771510623093082,15.393921423133069
2025-10-09 15:58:46.935430050,27.18862870376073,15.393921423133069
2025-10-09 15:58:47.060430050,27.582616094538732,15.393921423133069
2025-10-09 15:58:47.185319901,22.73001462336986,15.393921423133069
2025-10-09 15:58:47.310309887,16.80637033045583,15.393921423133069
2025-10-09 15:58:49.435080051,17.358380859017185,15.393921423133069
2025-10-09 15:58:49.560070038,18.78474307379848,15.393921423133069
2025-10-09 15:58:50.185039997,18.44284662642955,15.393921423133069
2025-10-09 15:58:50.310129881,16.96059729356269,15.393921423133069
2025-10-09 15:59:03.558820009,16.72269292384854,15.393921423133069
2025-10-09 15:59:05.058830023,16.25484664474236,15.393921423133069
2025-10-09 15:59:05.183919907,15.493367518874004,15.393921423133069
