Time,Entropy_raw_at_t,Entropy_norm_at_t,v_l2,v_cos
2025-10-09 15:29:43.947309971,4.453349875989707,0.877477311737062,3.275647466826521,0.0017274668699259754
2025-10-09 15:29:44.072200060,4.49222277383895,0.8851367337124357,4.499871079129379,0.002622643098055155
2025-10-09 15:29:44.197190046,4.553825190812694,0.8972747252801011,5.760509325290429,0.005878801204075801
2025-10-09 15:29:44.322079897,4.624841667671141,0.9112676404873163,6.07761978451762,0.010753355297018263
2025-10-09 15:29:44.447069883,4.68999667818108,0.924105626511434,5.187896474126193,0.012116161124308578
2025-10-09 15:29:44.572060108,4.727979893861515,0.9315897476594474,3.8280565895284258,0.00762208192832714
2025-10-09 15:29:44.697050095,4.733077849963248,0.9325942366261958,3.5165716870618464,0.003946593548236232
2025-10-09 15:29:44.821939945,4.716192609713069,0.9292672096385691,3.9964162558207073,0.0035183926117143827
2025-10-09 15:29:44.947030067,4.692814465999735,0.9246608366227009,4.121994900233138,0.003961782328422481
2025-10-09 15:29:45.071919918,4.673612765423207,0.9208773798829748,4.013633348155384,0.004772299291699644
2025-10-09 15:29:45.197010040,4.661735559939027,0.918537123979122,4.547241357538546,0.0066133307439602
2025-10-09 15:29:45.322000027,4.653436564053401,0.9169019098588261,5.593534894481753,0.009786471885019465
2025-10-09 15:29:45.447089911,4.641014408916682,0.9144542783906325,6.060398203292999,0.012555506373237102
2025-10-09 15:29:45.571980000,4.614996248367883,0.9093277228289881,5.582073484722142,0.011913532571631857
2025-10-09 15:29:45.696969986,4.572673978893858,0.9009886449934688,4.779037096785501,0.00859866564936107
2025-10-09 15:29:45.821959972,4.523007945083672,0.8912025695567799,4.484874317686952,0.006337632140429816
2025-10-09 15:29:45.946949959,4.478750291951729,0.8824821483962084,4.468542340206815,0.005492192416567954
2025-10-09 15:29:46.071939945,4.446004976926021,0.8760300905519197,3.9877420736548403,0.004396455008299549
2025-10-09 15:29:46.197040081,4.424204288478423,0.8717345355145414,3.058310515389829,0.0027768715524248977
2025-10-09 15:29:46.321929932,4.414368159401679,0.8697964483800241,2.6864721832088634,0.001398145464876932
2025-10-09 15:29:46.447020054,4.4187549097854415,0.8706608030885457,3.292144977902249,0.000814569872219173
2025-10-09 15:29:46.572010040,4.439150914522463,0.8746795826376913,4.014052226043404,0.0013517563868038485
2025-10-09 15:29:46.697000027,4.480090293583608,0.8827461790837597,4.448865570430736,0.003449848041928827
2025-10-09 15:29:46.821990013,4.53491454566469,0.8935486173995707,4.507383553647393,0.006949542686983112
2025-10-09 15:29:46.947079897,4.589484955924873,0.90430103933562,4.174301337293344,0.009524204718572293
2025-10-09 15:29:47.071969986,4.6293780381624545,0.9121614759807328,3.4803662654996526,0.008686989395547684
2025-10-09 15:29:47.197060108,4.651814628966408,0.9165823276837044,2.691489414062593,0.0060616467072730496
2025-10-09 15:29:47.322050095,4.663176596122709,0.9188210622709214,2.36236519266116,0.005841947932654357
2025-10-09 15:29:47.447149992,4.666775870935334,0.9195302546934194,2.4722773772121522,0.007883136638364707
2025-10-09 15:29:47.571939945,4.655757846950484,0.9173592898386242,2.5096889649922756,0.007416890684065369
2025-10-09 15:29:47.696929932,4.628540440490532,0.9119964377569368,2.2170093129766055,0.004421612217252346
2025-10-09 15:29:47.821919918,4.601315664534491,0.9066321336075258,1.757056378131333,0.002497606713361855
2025-10-09 15:29:47.946909904,4.592805560681768,0.9049553232828865,1.4927219424189484,0.0022021655413350105
2025-10-09 15:29:48.071899891,4.608963571985418,0.9081390588340019,1.7865866882827155,0.002974632081174655
2025-10-09 15:29:48.196990013,4.640582484743053,0.9143691730938774,2.2879274649136065,0.004715622145158305
2025-10-09 15:29:48.321990013,4.6755329669471335,0.921255731756986,2.6615787396682444,0.007875349687487043
2025-10-09 15:29:48.446870089,4.70397642276631,0.9268601616454363,0.6774180108192829,0.00029276982780301886
2025-10-09 15:29:48.571969986,4.719688865373056,0.9299561034158607,0.6786104455128554,0.0003233066948712393
2025-10-09 15:29:48.696959972,4.734469545380236,0.932868452932406,0.6780142281660659,0.0003550574004711482
2025-10-09 15:29:48.821949959,4.748351134414626,0.9356036477335617,0.6780142281660724,0.0003903686593966782
2025-10-09 15:29:48.946939945,4.761386034892363,0.9381720130649345,0.6780142281660718,0.00042880571552295077
2025-10-09 15:29:49.071929932,4.773592172617401,0.9405770809836725,0.6780142281660675,0.00047043532209734007
2025-10-09 15:29:49.196919918,4.784972262212563,0.9428193863725054,0.6780142281660666,0.0005152513379496071
2025-10-09 15:29:49.321919918,4.7955167818284306,0.9448970530692038,0.6780685473169727,0.0005632440127887328
2025-10-09 15:29:49.446909904,4.805206182694164,0.9468062292311412,0.6780142281660705,0.000613918132529756
2025-10-09 15:29:49.571899891,4.81400838671758,0.9485405942684518,0.6780142281660715,0.0006671731484411136
2025-10-09 15:29:49.696890116,4.8218832889173004,0.9500922459923954,0.6780155214791879,0.0007223846497066422
2025-10-09 15:29:49.821880102,4.828778810884597,0.9514509229990031,0.6780142281660693,0.0007788167871831675
2025-10-09 15:29:49.946870089,4.834630200619591,0.9526038667104935,0.6780142281660649,0.0008355520055699506
2025-10-09 15:29:50.071860075,4.839357795760973,0.953535380647453,0.6780142281660769,0.0008914672688314917
2025-10-09 15:29:50.196850061,4.84286343860113,0.9542261240520699,0.6780142281660632,0.0009452688237895357
2025-10-09 15:29:50.321840048,4.845025069837808,0.954652046654009,0.6780142281660739,0.000995531199407984
2025-10-09 15:29:50.446830034,4.845688108808268,0.9547826902525534,0.6780142281660719,0.0010407604031351658
2025-10-09 15:29:50.571820021,4.844650899199358,0.9545783209744418,0.6780142281660662,0.0010794764693510261
2025-10-09 15:29:50.696810007,4.841637813169896,0.9539846297750552,0.6780142281660682,0.0011103095566840082
2025-10-09 15:29:50.821810007,4.83624220631347,0.9529214924219598,0.6780685473169704,0.0011322822511778963
2025-10-09 15:29:50.946899891,4.82777287641408,0.9512527160986805,1.9046997192620678,0.004565864155233745
2025-10-09 15:29:51.071890116,4.835754099759353,0.9528253170845455,1.8676622824231366,0.004755899854460455
2025-10-09 15:29:51.196680069,4.839217178026684,0.953507673668459,1.6178054782092932,0.00485112730805215
2025-10-09 15:29:51.321670055,4.8374657093713855,0.9531625685116581,1.3218433404098988,0.005339508162736428
2025-10-09 15:29:51.446660042,4.833347897129169,0.9523512047254846,1.100931241889338,0.005980206672275612
2025-10-09 15:29:51.571660042,4.830633559552632,0.9518163782002553,0.9939005258520593,0.006413346156729172
2025-10-09 15:29:51.696650028,4.830850731195099,0.9518591691765593,0.40024266030858674,0.0005652984677830819
2025-10-09 15:29:51.821640015,4.833788648717539,0.9524380493547361,0.40024266030858796,0.0004982205381734994
2025-10-09 15:29:51.946630001,4.835274762046543,0.9527308695384592,0.40024266030858763,0.0004390999994281497
2025-10-09 15:29:52.071619987,4.835608023979329,0.9527965346653926,0.4002426603085866,0.0003871709500227194
2025-10-09 15:29:52.196609974,4.835014051155985,0.95267949969379,0.40024266030858907,0.0003416668015978619
2025-10-09 15:29:52.321599960,4.83366807266007,0.9524142913393736,0.4002426603085895,0.00030185282056738316
2025-10-09 15:29:52.446589947,4.831708849360683,0.9520282507089017,0.4002426603085821,0.00026704534281019043
2025-10-09 15:29:52.571579933,4.829247828308294,0.9515433370602299,0.40024266030858824,0.0002366214972890912
2025-10-09 15:29:52.696470022,4.826375495316083,0.9509773794996061,0.3999227691226374,0.00020969669574810723
2025-10-09 15:29:52.821460009,4.823168635964011,0.9503455076723899,0.40024266030858496,0.00018677000475630923
2025-10-09 15:29:52.946350098,4.819683196426865,0.9496587450778392,0.39992276912263625,0.00016613288829459005
2025-10-09 15:29:53.071340084,4.815975359635925,0.9489281618651402,0.40024266030858496,0.00014853837420203408
2025-10-09 15:29:53.196330070,4.812081425589891,0.9481609104984291,0.40024266030858957,0.00013285157562969996
2025-10-09 15:29:53.321320057,4.8080396422559275,0.9473645272648477,0.40024266030858824,0.00011905861475547397
2025-10-09 15:29:53.446310043,4.803879701848121,0.9465448626465995,0.40024266030858907,0.00010691079523827973
2025-10-09 15:29:53.571300030,4.799626599241914,0.9457068415736186,0.4002426603085847,9.619327079712914e-05
2025-10-09 15:29:53.696290016,4.7953014184928495,0.9448546183973243,0.4002426603085826,8.672058484815448e-05
2025-10-09 15:29:53.821379900,4.790921971123181,0.9439917026570745,0.4005625514945444,7.845483215218607e-05
2025-10-09 15:29:53.946369886,4.786499773854008,0.9431203635798001,0.40024266030857986,7.08858563562842e-05
2025-10-09 15:29:54.071360111,4.782054635404863,0.9422445042277909,1.6064823607724423,0.0056887329813006815
2025-10-09 15:29:54.196350098,4.776806257248295,0.9412103764623903,1.3643050152729777,0.0035209728680858365
2025-10-09 15:29:54.321340084,4.773753802683487,0.940608928181812,1.5183731630106612,0.0033507350984486317
2025-10-09 15:29:54.446330070,4.776780398802197,0.9412052813765784,1.6977544895308037,0.003670229379649226
2025-10-09 15:29:54.571419954,4.786074180658488,0.9430365057236924,1.6887443545288314,0.004191962633346424
2025-10-09 15:29:54.696409941,4.798960587854625,0.945575612297236,1.4703196008368384,0.005122499898251198
2025-10-09 15:29:54.821399927,4.810472236388142,0.9478438397417746,1.154262411001935,0.006226707317781521
2025-10-09 15:29:54.946389914,4.815613352557664,0.9488568328641166,0.9312038452546252,0.006593908790538672
2025-10-09 15:29:55.071379900,4.813613809200378,0.9484628476667458,0.9380592070701081,0.006594540053485254
2025-10-09 15:29:55.196369886,4.808087963855711,0.9473740484362485,1.0952662417960304,0.00731615200956548
2025-10-09 15:29:55.321369886,4.8005004469338495,0.9458790224138713,1.2025860966754105,0.007678543177304542
2025-10-09 15:29:55.446259975,4.788993338199456,0.9436116894803955,1.1427966460976335,0.006626354243032928
2025-10-09 15:29:55.571350098,4.7747245341283024,0.9408001987629104,0.9369964547697073,0.004749591768158701
2025-10-09 15:29:55.696340084,4.764769516060285,0.9388386860284823,0.8624242311577291,0.0037551528781275545
2025-10-09 15:29:55.821229935,4.76721505116301,0.9393205483630065,1.073072372868205,0.005015948974970819
2025-10-09 15:29:55.946219921,4.78393602953301,0.9426152095861964,1.2738178040065227,0.009081199043563415
2025-10-09 15:29:56.071209908,4.803812837642068,0.9465316878848107,1.3057848663076166,0.012807880819924233
2025-10-09 15:29:56.196199894,4.8085151781035105,0.9474582257005851,1.22978800010205,0.011137903473518063
2025-10-09 15:29:56.321290016,4.792993877012062,0.9443999459930292,1.134748609551913,0.006838161875727611
2025-10-09 15:29:56.446280003,4.7713941776209765,0.9401439933542741,1.028190496722762,0.004634587587170058
2025-10-09 15:29:56.571280003,4.757622230683873,0.9374304021673546,0.9393314969301306,0.004547138911588644
2025-10-09 15:29:56.696269989,4.75501278807392,0.9369162438931845,0.9955243741882968,0.005394680900317361
2025-10-09 15:29:56.821259975,4.7605654334566445,0.9380103237385009,1.134903652770137,0.0064021628185347845
2025-10-09 15:29:56.946249962,4.772593955798659,0.9403803947508296,1.1895652968050976,0.007506605330857563
2025-10-09 15:29:57.071239948,4.787846710873349,0.943385760799359,1.1739875104356947,0.009537560414413337
2025-10-09 15:29:57.196229935,4.79375687968969,0.944550286199179,1.3521760864295744,0.011602706552633069
2025-10-09 15:29:57.321219921,4.775380177238165,0.9409293850989319,1.7032779219220215,0.010249511553330648
2025-10-09 15:29:57.446209908,4.734058573587143,0.9327874760421447,1.8640879932758,0.005899079727767043
2025-10-09 15:29:57.571199894,4.6889189480959,0.9238932731764713,1.6258040452296212,0.0026687653291673774
2025-10-09 15:29:57.696190119,4.660682179033365,0.9183295683477266,1.1657611411721527,0.0021113587805231537
2025-10-09 15:29:57.821089983,4.657821406716025,0.9177658886745786,1.1813460971066017,0.0038583386769409644
2025-10-09 15:29:57.946079969,4.6774516969344635,0.9216337936829777,1.6285057230679294,0.006840317641416016
2025-10-09 15:29:58.070970058,4.711153181859746,0.9282742529366339,1.8122476243124173,0.008653380324050719
2025-10-09 15:29:58.195960045,4.747803742214744,0.9354957908955873,1.5827931026523967,0.00731269306917004
2025-10-09 15:29:58.320849895,4.777842798988506,0.9414146141452652,1.3216702039983348,0.006206054234347724
2025-10-09 15:29:58.445839882,4.795370460313608,0.9448682222310592,1.9710966776221301,0.015160410611068209
2025-10-09 15:29:58.570729971,4.7880315561878355,0.9434221822740151,3.2698434377659438,0.03039511622577029
2025-10-09 15:29:58.695820093,4.73376280246327,0.9327291980137182,4.306788160449966,0.02810827513175229
2025-10-09 15:29:58.820709944,4.631910156646411,0.9126603984957324,4.35793171144076,0.014328559498366089
2025-10-09 15:29:58.945800066,4.513871642294367,0.8894023745049608,3.0819469865828326,0.005109245038502186
2025-10-09 15:29:59.070790052,4.423405017492222,0.8715770490884013,1.4124399440100095,0.0019067335718493394
2025-10-09 15:29:59.195879936,4.389177396745817,0.8648329213023408,2.677001656943268,0.0072190974347206005
2025-10-09 15:29:59.320869923,4.40460898746895,0.8678735246954331,5.272600989374409,0.03256382461793239
2025-10-09 15:29:59.445859909,4.4106607490951735,0.8690659492007886,7.398411732467651,0.047367059593071636
2025-10-09 15:29:59.570849895,4.347728293270938,0.8566658899879721,8.088428009986922,0.020777834095194847
2025-10-09 15:29:59.695839882,4.239898269679396,0.8354193223792185,6.733630356688658,0.0038619391505373413
2025-10-09 15:29:59.820830107,4.159089713334433,0.8194969994624338,4.416504669146746,0.0027375446828474814
2025-10-09 15:29:59.946019888,4.137605761540801,0.8152638534509326,4.560789085416579,0.006815127731985338
2025-10-09 15:30:00.070909977,4.16780694849321,0.8212146224397219,7.024347133987259,0.013476488113386753
2025-10-09 15:30:00.195899963,4.230084646182297,0.8334856696897988,8.240621001233887,0.0201607929584684
2025-10-09 15:30:00.320790052,4.304966694761922,0.848240247819686,7.5186630849935,0.021480224858555608
2025-10-09 15:30:00.445879936,4.376153998189207,0.8622668222817481,6.055978370141609,0.014795893027885088
2025-10-09 15:30:00.570980072,4.450200277481567,0.8768567224483393,4.954286170024396,0.008844451039975665
2025-10-09 15:30:00.695869923,4.540715447266213,0.8946916130510912,4.3947205972307275,0.013388740692374279
2025-10-09 15:30:00.820760012,4.6487625381691675,0.9159809510790099,3.608482364908966,0.025542051202276816
2025-10-09 15:30:00.945749998,4.7431200822390185,0.9345729338376346,2.4776567982836117,0.026147510001922614
2025-10-09 15:30:01.070739985,4.795964980531224,0.944985365059908,1.4878330502637047,0.013944459610464643
2025-10-09 15:30:01.195830107,4.811568703238402,0.9480598849237089,1.0701176942804,0.007481031517737824
2025-10-09 15:30:01.320820093,4.809040944737863,0.9475618214893192,1.1258271846877745,0.007353355495219649
2025-10-09 15:30:01.445810080,4.802192805231632,0.9462124806084858,1.2763766882398002,0.007520720008717396
2025-10-09 15:30:01.570800066,4.798123873450266,0.945410748110349,1.4966619258877403,0.006863948466013681
2025-10-09 15:30:01.695889950,4.796987877429741,0.9451869141961065,1.7999426783995096,0.006119732048841531
2025-10-09 15:30:01.820879936,4.794112011901154,0.9446202605930407,1.940942079063412,0.005076805144547558
2025-10-09 15:30:01.945770025,4.788582554875176,0.9435307497255744,1.7458823535172694,0.004049422823717341
2025-10-09 15:30:02.070770025,4.783397021036782,0.9425090046529566,1.3654447989658902,0.0036027850310589304
2025-10-09 15:30:02.195760012,4.780979845002672,0.9420327301208696,1.4057919062247441,0.004156189398862975
2025-10-09 15:30:02.320749998,4.782891524510545,0.9424094028374049,1.8950315378280647,0.005800950945950345
2025-10-09 15:30:02.445640087,4.788851828048568,0.9435838066617888,2.242084502566975,0.008285049805132894
2025-10-09 15:30:02.570630074,4.797602726380264,0.9453080625494253,2.247839625092502,0.011587020249856916
2025-10-09 15:30:02.695630074,4.807459950025178,0.9472503061067448,3.981220381230735,0.07111338040394144
2025-10-09 15:30:02.820620060,4.7701103468621,0.9398910304399748,9.356092227711153,0.15090851496079238
2025-10-09 15:30:02.945709944,4.545346099278072,0.8956040255477745,3.397993083906436,0.021325012188007197
2025-10-09 15:30:03.070699930,4.583936441970611,0.9032077735369969,3.3952794302375966,0.019499858418884797
2025-10-09 15:30:03.195590019,4.579337225298518,0.9023015549837944,3.3925657765687562,0.015412731593536844
2025-10-09 15:30:03.320580006,4.557647247039359,0.8980278140147553,3.3952794302376326,0.011035395946896731
2025-10-09 15:30:03.445669889,4.527333573941415,0.8920548810273267,3.397993083906424,0.007470793362356232
2025-10-09 15:30:03.570660114,4.492515302405899,0.8851943728352714,3.395285906737982,0.004940138327070076
2025-10-09 15:30:03.695650101,4.455510358200058,0.8779030079376269,3.3952794302375624,0.003278576884003237
2025-10-09 15:30:03.820650101,4.417597668501732,0.870432783058919,3.3955514432545417,0.0022064595400067555
2025-10-09 15:30:03.945640087,4.379544970994967,0.8629349713795349,3.3952794302376477,0.0015134268566410203
2025-10-09 15:30:04.070630074,4.341811633046187,0.8555000855367055,3.3952794302375753,0.001060494085650121
2025-10-09 15:30:04.195620060,4.304650047592159,0.8481778564255602,3.3952794302375504,0.0007589910649340448
2025-10-09 15:30:04.320610046,4.268186698740652,0.8409932061694335,3.3952794302376574,0.0005542641083333688
2025-10-09 15:30:04.445600033,4.232458580439619,0.8339534239665481,3.3952794302375504,0.0004124246110082108
2025-10-09 15:30:04.570590019,4.197433428912168,0.8270521526401715,3.3952794302375775,0.0003122227332316152
2025-10-09 15:30:04.695580006,4.163013549216972,0.8202701426148438,3.3952794302376343,0.0002401215618190733
2025-10-09 15:30:04.820580006,4.129016837198538,0.8135715125272618,3.3955514432545586,0.00018737160094384198
2025-10-09 15:30:04.945569992,4.095097472427631,0.8068881227546606,3.3952794302375464,0.0001480889108012029
2025-10-09 15:30:05.070559978,4.0603958229808335,0.8000505934975077,4.865110336708096,0.0009514696350001461
2025-10-09 15:30:05.195549965,4.02984146660938,0.7940302368587379,3.8396873073935343,0.00040035228455925775
2025-10-09 15:30:05.320539951,4.079702170241102,0.8038546695672412,10.516416251500742,0.003420630453046636
2025-10-09 15:30:05.445529938,4.20001586750071,0.8275609901071347,13.912318057315828,0.015433449777244479
2025-10-09 15:30:05.570529938,4.350661486860373,0.8572438393737903,13.1294577865151,0.04321341503345977
2025-10-09 15:30:05.695519924,4.477293811232997,0.882195166950497,9.424434626028981,0.051146167337023485
2025-10-09 15:30:05.820509911,4.537599091440002,0.8940775738201872,5.157637573370001,0.019920540551612853
2025-10-09 15:30:05.945499897,4.5396402275125265,0.8944797543457875,2.7562407857939406,0.004896492470420344
2025-10-09 15:30:06.070489883,4.527831514400887,0.892152994013719,2.5512560300042413,0.003508514560379705
2025-10-09 15:30:06.195480108,4.523203046348408,0.8912410118391211,2.8469178616953457,0.0032514779296531904
2025-10-09 15:30:06.320470095,4.520099021273123,0.89062940222962,3.591090047299288,0.003014995551747557
2025-10-09 15:30:06.445460081,4.512288847428647,0.8890905044245768,4.590389495792704,0.0026589436170597613
2025-10-09 15:30:06.570450068,4.503024954577816,0.8872651693349639,5.47948832944537,0.0029383695558423684
2025-10-09 15:30:06.695440054,4.500495135967061,0.8867666999814293,6.069475208905626,0.00435942607223061
2025-10-09 15:30:06.820430040,4.508386509719066,0.8883215972202821,6.265689617701312,0.006081853936333315
2025-10-09 15:30:06.945430040,4.522015731817804,0.891007066249506,6.068993120314604,0.006915402044905705
2025-10-09 15:30:07.070420027,4.5349652228110084,0.8935586027021758,5.65481852073097,0.006254510151789461
2025-10-09 15:30:07.195310116,4.543075961688926,0.8951567231160169,5.761252566958421,0.004629765541660391
2025-10-09 15:30:07.320300102,4.5471195846276595,0.8959534688208824,6.595105317429206,0.00299570888665035
2025-10-09 15:30:07.445189953,4.550306491282552,0.896581409216801,7.1162780077825785,0.0027260845239789333
2025-10-09 15:30:07.570179939,4.554214566944925,0.8973514470134655,6.507916218793462,0.005945690343988841
2025-10-09 15:30:07.695070028,4.552510518342496,0.8970156853894372,5.153966180900201,0.012413575296373103
2025-10-09 15:30:07.820060015,4.524558925846259,0.8915081710630636,4.314476745974881,0.013975131407163666
2025-10-09 15:30:07.945149899,4.4648726403360826,0.879747729414539,4.903231702850987,0.008395489477949547
2025-10-09 15:30:08.070139885,4.401983905589491,0.867356284897344,5.599557641079962,0.0036717646233971335
2025-10-09 15:30:08.195029974,4.351538000188095,0.857416545444485,5.196419258099467,0.0017397541478647582
2025-10-09 15:30:08.320120096,4.3118470454370295,0.8495959355114956,3.7002642524734624,0.0011961483730509315
2025-10-09 15:30:08.445110083,4.28737961803871,0.8447749326672428,2.271899750522236,0.0012773027184159735
2025-10-09 15:30:08.570100069,4.283949608928864,0.8440990919503101,3.032280210290599,0.0018247520916435667
2025-10-09 15:30:08.695090055,4.305666807726564,0.8483781963885686,4.703714157022087,0.0030448482495245566
2025-10-09 15:30:08.820080042,4.3522319849745355,0.8575532865319248,5.828246437224923,0.005197290062631144
2025-10-09 15:30:08.945070028,4.416394569692071,0.8701957273730527,6.045995385943079,0.007712786852036246
2025-10-09 15:30:09.070060015,4.485553066845447,0.8838225507432765,5.533354529725887,0.009173103518161252
2025-10-09 15:30:09.195050001,4.551856941576502,0.8968869062008246,4.753819329656629,0.009081884466378254
2025-10-09 15:30:09.320050001,4.614537685640654,0.9092373687359218,4.015539606235381,0.00891231956882843
2025-10-09 15:30:09.445039988,4.671329710082921,0.9204275321687088,3.399918669748146,0.011043362109924404
2025-10-09 15:30:09.570130110,4.715913483500103,0.9292122112832165,2.7581840251569507,0.013552664093553823
2025-10-09 15:30:09.695120096,4.740930665050081,0.9341415363587215,2.0232994125712094,0.011371807446615811
2025-10-09 15:30:09.820110083,4.745258534222199,0.934994289255406,1.439529251218953,0.006636692298822577
2025-10-09 15:30:09.945100069,4.73632866136246,0.9332347686587056,1.2234657642075648,0.004228028995154287
2025-10-09 15:30:10.070090055,4.724754067481765,0.9309541386148729,1.319661369650563,0.0042761773188519925
2025-10-09 15:30:10.195189953,4.715348251612391,0.9291008393562069,1.4800603559128933,0.004828953023067739
2025-10-09 15:30:10.320179939,4.707528707506344,0.9275600952574382,1.6036099487362878,0.005304137745559601
2025-10-09 15:30:10.445169926,4.698687951790448,0.9258181340876829,1.6882213561695636,0.005652270135419801
2025-10-09 15:30:10.570159912,4.68673228143818,0.9234624176555912,1.786853698613012,0.006153656914354433
2025-10-09 15:30:10.695050001,4.67504923898678,0.9211604191671193,0.8079588354509665,0.0011678610847261073
2025-10-09 15:30:10.820039988,4.688636670143171,0.9238376538099224,0.8086051075065295,0.001091641482499961
2025-10-09 15:30:10.945029974,4.69876342175229,0.925833004506823,0.8086051075065245,0.0010112280031826515
2025-10-09 15:30:11.069920063,4.706090252142124,0.927276665484077,0.8079588354509663,0.000929218112546204
2025-10-09 15:30:11.194910049,4.711108609065978,0.928265470420923,0.8086051075065271,0.0008518109233894844
2025-10-09 15:30:11.319999933,4.714205879039239,0.9288757490214241,0.8092513795621041,0.0007770978503413017
2025-10-09 15:30:11.444989920,4.715677559367267,0.9291657253614678,0.8086051075065317,0.00070389704121121
2025-10-09 15:30:11.570090055,4.715762999009431,0.9291825601823578,0.8093177034246068,0.0006376955824988206
2025-10-09 15:30:11.695080042,4.714660103241642,0.9289652482620293,0.8086051075065324,0.000574244635987875
2025-10-09 15:30:11.820070028,4.712534398428298,0.9285464045158381,0.8086051075065337,0.0005170603023810783
2025-10-09 15:30:11.945060015,4.709521886260235,0.9279528263887165,0.8086051075065298,0.0004649402511781586
2025-10-09 15:30:12.070050001,4.705737325889782,0.9272071257470768,0.8086051075065347,0.00041770688040110304
2025-10-09 15:30:12.195039988,4.701277738470834,0.926328419404929,0.8086051075065294,0.00037509771918486923
2025-10-09 15:30:12.320029974,4.696225470025125,0.9253329326236598,0.8086051075065244,0.0003367986584642546
2025-10-09 15:30:12.445019960,4.690650577956304,0.9242344693450057,0.8086051075065364,0.0003024694892641566
2025-10-09 15:30:12.570009947,4.684612703715684,0.9230447811765935,0.8086051075065286,0.0002717627350168339
2025-10-09 15:30:12.694999933,4.6781625426654685,0.9217738570102417,0.808605107506533,0.0002443369327180811
2025-10-09 15:30:12.820100069,4.671342985405577,0.9204301479062458,0.8093177034246049,0.00022024309112933516
2025-10-09 15:30:12.945090055,4.664183533820899,0.9190194668448036,0.8086051075065344,0.00019802410187896857
2025-10-09 15:30:13.070080042,4.656726401591662,0.9175501315075875,0.8086051075065317,0.00017856815156380712
2025-10-09 15:30:13.195070028,4.648988957224001,0.9160255641431286,0.8086051075065186,0.0001612190331484742
2025-10-09 15:30:13.320159912,4.640988623025891,0.9144491976009435,0.8092513795621115,0.0001459702440066435
2025-10-09 15:30:13.445149899,4.632729408504828,0.9128218219047116,2.5131948457192888,0.00279041597214591
2025-10-09 15:30:13.570149899,4.63697027536378,0.9136574320755835,2.6276193309781384,0.004264230815365422
2025-10-09 15:30:13.695039988,4.632039033748747,0.9126857921289414,2.8000904307025514,0.0067377892720213994
2025-10-09 15:30:13.820029974,4.610302750852751,0.9084029274060129,3.4378011946094262,0.009074642819310919
2025-10-09 15:30:13.945019960,4.568590425578005,0.9001840315034645,3.920949078292652,0.008178431921097462
2025-10-09 15:30:14.070009947,4.513123771563727,0.8892550158611258,3.50597279554263,0.00439604343052491
2025-10-09 15:30:14.194900036,4.461643757636577,0.8791115181600963,2.270207333371557,0.0014919068237291278
2025-10-09 15:30:14.319900036,4.434155178857591,0.8736952349391205,2.006273568894581,0.001872616362720958
2025-10-09 15:30:14.444789886,4.437870443698262,0.8744272817568117,3.0599945697453452,0.004531120442253234
2025-10-09 15:30:14.569780111,4.455725200769584,0.8779453399990198,3.582448291511268,0.0051323671886546185
2025-10-09 15:30:14.694669962,4.4653300246928325,0.87983785132433,3.656021873247341,0.003010779257299201
2025-10-09 15:30:14.819659948,4.46428840478686,0.8796326130519292,4.059524625047249,0.0023951046815231525
2025-10-09 15:30:14.944659948,4.462113378108061,0.8792040510444034,4.6804904710327095,0.003844973392563622
2025-10-09 15:30:15.069550037,4.463163515481138,0.8794109675779663,4.797381675510088,0.004894472360256752
2025-10-09 15:30:15.194540024,4.466668194650549,0.8801015211032251,4.488239471411034,0.004929742808076898
2025-10-09 15:30:15.319530010,4.473773207710138,0.8815014757290672,4.578502508539774,0.005104963079492486
2025-10-09 15:30:15.444619894,4.485567471183858,0.8838253889393531,5.180804902638488,0.006025959490805977
2025-10-09 15:30:15.569610119,4.501214864608874,0.8869085135760009,5.6227694457546455,0.006983170180261622
2025-10-09 15:30:15.694600105,4.5191878186568974,0.8904498610652385,5.577545339846464,0.006753175042356396
2025-10-09 15:30:15.819489956,4.538185183167723,0.8941930559197285,5.376254771865727,0.005332096508725792
2025-10-09 15:30:15.944679976,4.5584335969096195,0.8981827544953946,5.448994168299962,0.004100991277546484
2025-10-09 15:30:16.069570065,4.5837519146993495,0.9031714147288105,5.614471107276179,0.004319245337793931
2025-10-09 15:30:16.194669962,4.619427055496111,0.9102007583721113,5.161419691269157,0.0062586873631298445
2025-10-09 15:30:16.319560051,4.663910042530125,0.9189655787809202,4.043212332780706,0.009839528297735822
2025-10-09 15:30:16.444649935,4.70598027972393,0.9272549967842062,2.6625119265751658,0.013525250836091796
2025-10-09 15:30:16.569540024,4.726212578796032,0.9312415201642277,1.8209763389324973,0.012528064586700194
2025-10-09 15:30:16.694629908,4.719026855779449,0.929825662643247,1.7676662865507164,0.0088538418661529
2025-10-09 15:30:16.819519997,4.703148490992995,0.926697027966974,3.7980784548215962,0.03413522387623469
2025-10-09 15:30:16.944610119,4.669511150430157,0.9200692075636863,8.673518955670644,0.0894213219140444
2025-10-09 15:30:17.069499969,4.54501739265867,0.8955392579887963,14.797424874117592,0.055915902487273295
2025-10-09 15:30:17.194489956,4.301813195437619,0.8476188899235608,18.399276641166086,0.013647304956218353
2025-10-09 15:30:17.319380045,4.028690246414088,0.7938034032098418,17.96922158384052,0.002734191807642783
2025-10-09 15:30:17.444469929,3.8260132093666925,0.7538684089759432,11.594152251251833,0.0003912742959317761
2025-10-09 15:30:17.569370031,3.7626388679741334,0.7413812816972021,2.478674414428204,0.0003284969319793385
2025-10-09 15:30:17.694560051,3.847802162955942,0.7581616518051537,9.831519563043853,0.0018853664649435276
2025-10-09 15:30:17.819449902,4.046973008206496,0.7974057944693351,17.265137198848983,0.008264766433513593
2025-10-09 15:30:17.944540024,4.2980985519395265,0.8468869655337118,19.216865757014308,0.03154352703993524
2025-10-09 15:30:18.069430113,4.516535831581251,0.8899273199322263,15.969205224263792,0.0733442212666916
2025-10-09 15:30:18.194619894,4.626474602063842,0.9115893899390889,10.390479028408123,0.05614676283707298
2025-10-09 15:30:18.319610119,4.618768397022821,0.9100709778961574,5.392759586836594,0.013614126841015373
2025-10-09 15:30:18.444600105,4.559685173844372,0.8984293621940306,3.1293128771177545,0.003925381710562892
2025-10-09 15:30:18.569489956,4.520978212156282,0.890802635879376,3.1517650439988394,0.004501744475998493
2025-10-09 15:30:18.694479942,4.520200768087872,0.8906494501764399,4.1806131434156875,0.007801472812331345
2025-10-09 15:30:18.819370031,4.5446511017526,0.8954670849126802,5.1455908860975335,0.012504426973439009
2025-10-09 15:30:18.944469929,4.573809568926604,0.9012123989128591,5.26909396151141,0.01410811760730668
2025-10-09 15:30:19.069360018,4.591866404402461,0.9047702741961956,4.456608370656547,0.01052215600985551
2025-10-09 15:30:19.194449902,4.596904769876169,0.9057630215694156,3.250176852457878,0.005435836741812472
2025-10-09 15:30:19.319339991,4.596149498995053,0.9056142048177903,2.9751284311997357,0.004175731195639298
2025-10-09 15:30:19.444430113,4.596539512380337,0.9056910521139585,4.193365825381683,0.011253726621289983
2025-10-09 15:30:19.569319963,4.589946364258962,0.9043919541201942,5.67565706459208,0.021629428199766543
2025-10-09 15:30:19.694410086,4.55813084729791,0.8981231014425671,6.514573542567541,0.019285685725687673
2025-10-09 15:30:19.819309950,4.496864144905426,0.886051258265771,6.250764854706823,0.00936517658476288
2025-10-09 15:30:19.944400072,4.42673671973052,0.8722335196566205,4.8389249144546564,0.0036934146720863925
2025-10-09 15:30:20.069289923,4.370307793951793,0.861114900308186,2.9432690978811293,0.0019927051873266377
2025-10-09 15:30:20.194380045,4.341127913119999,0.8553653670125566,2.7390418247743127,0.002080718450519381
2025-10-09 15:30:20.319269896,4.340385086680338,0.855219002283642,4.067432277350663,0.0030886985392827304
2025-10-09 15:30:20.444360018,4.364320804456604,0.8599352383472069,4.550216639203456,0.004335053728504401
2025-10-09 15:30:20.569250107,4.404279222022573,0.8678085485077432,3.8138053266230045,0.004275236175631747
2025-10-09 15:30:20.694339991,4.452455711218372,0.8773011276685182,3.0455292483226946,0.0044130092807644905
2025-10-09 15:30:20.819430113,4.500082881341137,0.8866854703248831,4.1932977293667095,0.009694628682857975
2025-10-09 15:30:20.944519997,4.530161504625108,0.8926120896642417,6.434509949959281,0.01903739736333987
2025-10-09 15:30:21.069319963,4.530472902581246,0.8926734467659834,7.265090801180119,0.01849148674433776
2025-10-09 15:30:21.194410086,4.506309623787246,0.8879123726286857,6.723722945860426,0.01284475553510811
2025-10-09 15:30:21.319400072,4.468816207216816,0.8805247603152141,4.156045346659371,0.005458555645279528
2025-10-09 15:30:21.444390059,4.44064043351287,0.8749730738647181,3.5867481301999735,0.002423651915951175
2025-10-09 15:30:21.569180012,4.435205767110956,0.8739022403130472,6.130041308436426,0.0019884737414344045
2025-10-09 15:30:21.694269896,4.471949097658415,0.8811420574868293,7.72013417951301,0.00579538678370195
2025-10-09 15:30:21.819060087,4.553831474510475,0.8972759634047466,7.594658335788384,0.019664581709806894
2025-10-09 15:30:21.944149971,4.666882928061838,0.9195513489712515,5.729823785833471,0.0384204050402962
2025-10-09 15:30:22.069050074,4.7610249099961255,0.9381008578869279,3.4786735800403865,0.030315529258475915
2025-10-09 15:30:22.194139957,4.7976016347907695,0.9453078474652659,2.100061520256252,0.011018323330821533
2025-10-09 15:30:22.318929911,4.7924955860297755,0.9443017639404676,1.8731675838549524,0.005322716735259192
2025-10-09 15:30:22.444020033,4.7811269580885085,0.9420617169282565,2.165829465013809,0.006250448257717034
2025-10-09 15:30:22.568909883,4.773963215745715,0.9406501904261905,2.7985598706490094,0.009487963536590982
2025-10-09 15:30:22.694000006,4.764614541249513,0.9388081501657879,3.5649551182578723,0.01192012160903555
2025-10-09 15:30:22.818890095,4.7424402987345,0.934438990936511,4.234576524005205,0.010982154053670978
2025-10-09 15:30:22.943979979,4.70772912840448,0.927599585707506,4.610477829326045,0.008197481433322662
2025-10-09 15:30:23.068969965,4.665317571432296,0.919242914878838,4.903013506014133,0.007279928921388734
2025-10-09 15:30:23.194060087,4.619355402290865,0.9101866399974794,5.098914010726304,0.007648707598072235
2025-10-09 15:30:23.318959951,4.570928550898676,0.9006447300737584,4.815624936590681,0.007011436021699291
2025-10-09 15:30:23.444050074,4.5216716320442325,0.8909392656605806,3.8894372657972003,0.005146451068320346
2025-10-09 15:30:23.568939924,4.477059245841294,0.8821489487518219,3.104763026474163,0.0034737073353116044
2025-10-09 15:30:23.694030046,4.4483691246707675,0.8764959165178502,3.855015035192729,0.003321166549184018
2025-10-09 15:30:23.819020033,4.447565049501815,0.8763374834871354,5.065318190771434,0.004661476266216269
2025-10-09 15:30:23.944109917,4.4774047162392545,0.8822170194052691,5.44920573275317,0.006134744110927848
2025-10-09 15:30:24.068900108,4.530147312942647,0.8926092933693802,4.850767936580144,0.006138187120213967
2025-10-09 15:30:24.193989992,4.593740760707214,0.9051395928388648,3.8301687215870794,0.007097233223112176
2025-10-09 15:30:24.318979979,4.653876667542532,0.9169886267881675,3.0448963327799854,0.01175043914639351
2025-10-09 15:30:24.444070101,4.691177802192559,0.9243383523361011,2.5217308194002386,0.011989551224589223
2025-10-09 15:30:24.568959951,4.698054160827375,0.9256932534459263,1.783066742137265,0.005533623854045211
2025-10-09 15:30:24.694050074,4.69069389913212,0.9242430052449362,1.1767681203805616,0.0021550650236136226
2025-10-09 15:30:24.819149971,4.686622552532141,0.9234407969367677,1.6020064643964453,0.004332815587738681
2025-10-09 15:30:24.944139957,4.689509878316716,0.924009708641015,2.2790971702077556,0.008583616702944497
2025-10-09 15:30:25.068929911,4.6915288274415285,0.9244075175039848,2.4767270327926734,0.009126169884227764
2025-10-09 15:30:25.194020033,4.684594983359521,0.9230412896003817,2.1371406265571298,0.00540857628338165
2025-10-09 15:30:25.318909883,4.674129092374025,0.9209791156992473,1.8152592711951645,0.003311195249921073
2025-10-09 15:30:25.444000006,4.673308838266937,0.920817494809609,2.399233452745064,0.006428884840883886
2025-10-09 15:30:25.568890095,4.682900922604304,0.9227074959576632,3.3488305647772028,0.01220659715746042
2025-10-09 15:30:25.693979979,4.687130621223497,0.9235409055655267,3.8178016709023797,0.014244418716761076
2025-10-09 15:30:25.818870068,4.673607226244672,0.9208762884566047,3.5462722391268837,0.010216731627292974
2025-10-09 15:30:25.943959951,4.644344641422245,0.9151104593662608,2.7853100773387873,0.004800922537200769
2025-10-09 15:30:26.068860054,4.614103622510887,0.9091518419844116,2.2806415755782403,0.0027628179793767194
2025-10-09 15:30:26.193949938,4.598949134912081,0.9061658383221689,2.502290321274092,0.0037235731782832016
2025-10-09 15:30:26.318840027,4.598082486088641,0.9059950759295907,2.8614011805549047,0.005044196247300126
2025-10-09 15:30:26.443929911,4.596864222543906,0.9057550322209243,3.052605242653888,0.005710082878002343
2025-10-09 15:30:26.568820000,4.584719709849049,0.9033621067494056,2.949250234649647,0.005312889420530542
2025-10-09 15:30:26.693909883,4.562769926463444,0.8990371744052721,2.476696722775318,0.00373103850667178
2025-10-09 15:30:26.818799973,4.5419795607069275,0.8949406909126061,1.9521724550149249,0.001982670077342097
2025-10-09 15:30:26.943890095,4.535518006453099,0.8936675218569112,2.0951475982378907,0.0017705960445976165
2025-10-09 15:30:27.068779945,4.54840986905276,0.896207703349999,2.575414574414962,0.003541383041808621
2025-10-09 15:30:27.193880081,4.57336526641624,0.9011248546185079,2.60406022957688,0.005026376265802046
2025-10-09 15:30:27.318769932,4.597352903146339,0.9058513206674335,2.0603294232881795,0.0037382503782393828
2025-10-09 15:30:27.443860054,4.6116004837284175,0.9086586295598525,1.6358465761112804,0.0019678063139109137
2025-10-09 15:30:27.568749905,4.614818874855949,0.9092927735802744,2.1322261636897246,0.0026876992843041236
2025-10-09 15:30:27.693739891,4.607720325504768,0.9078940925479373,2.689309993142851,0.004080115074319712
2025-10-09 15:30:27.818629980,4.590300558584383,0.9044617437152537,2.649029046369443,0.004085619704077947
2025-10-09 15:30:27.943619967,4.565948757232501,0.8996635235481361,2.2190791731310533,0.0031932566466306156
2025-10-09 15:30:28.068510056,4.543983042096681,0.89533545205039,2.2067453446449132,0.002550427886525597
2025-10-09 15:30:28.193510056,4.531703007865515,0.8929158237424283,2.3693679731996045,0.002399518569585757
2025-10-09 15:30:28.318399906,4.53430432933091,0.8934283818458743,2.1880136209086998,0.003114931390954534
2025-10-09 15:30:28.443589926,4.544874054492866,0.8955110149825424,2.6144153872428153,0.005434515193958878
2025-10-09 15:30:28.568480015,4.544957442729239,0.895527445599386,3.988146465507128,0.007309563482877035
2025-10-09 15:30:28.693569899,4.525594051432069,0.8917121297102931,4.865218848322447,0.006378862327423462
2025-10-09 15:30:28.818459988,4.4998027768911735,0.8866302792200735,4.359015424263029,0.004297833867997092
2025-10-09 15:30:28.943459988,4.481499699085862,0.8830238849424289,2.785623365409798,0.002760247462545329
2025-10-09 15:30:29.068350077,4.476672744430578,0.8820727934466469,2.824709611207495,0.002063951095447658
2025-10-09 15:30:29.193540096,4.4908170368793074,0.8848597506945491,4.764044249296075,0.0024323058861452918
2025-10-09 15:30:29.318429947,4.529080387660013,0.8923990689866346,5.843619748275464,0.0045177428533347275
2025-10-09 15:30:29.443520069,4.59162317570803,0.9047223490012591,5.223663157477136,0.00891771063127722
2025-10-09 15:30:29.568409920,4.666805653571415,0.9195361229921547,3.4425066792665775,0.01239050437525846
2025-10-09 15:30:29.693500042,4.721379222542657,0.9302891673130077,3.3717377747689694,0.013864488645375594
2025-10-09 15:30:29.818389893,4.718391025944625,0.9297003802671212,6.0351119386456284,0.014438001155336555
2025-10-09 15:30:29.943490028,4.65824272647493,0.9178489045030496,8.431707324175276,0.010029094129944016
2025-10-09 15:30:30.068380117,4.570687869523234,0.9005973067964078,9.355913163775197,0.0056631517684063715
2025-10-09 15:30:30.193470001,4.480961361533344,0.8829178122103183,8.53622297557204,0.003432628219063427
2025-10-09 15:30:30.318360090,4.400914853792706,0.8671456415113823,6.296931429091078,0.002429353956707958
2025-10-09 15:30:30.443449974,4.335399733002014,0.8542367002266446,3.606946800622099,0.0017111896836419227
2025-10-09 15:30:30.568340063,4.288595506636888,0.8450145084221714,3.0486829691391333,0.0010365447030217245
2025-10-09 15:30:30.693530083,4.2704996171233995,0.841448938025514,5.106539142157337,0.0007807686302302441
2025-10-09 15:30:30.818419933,4.294249362240356,0.8461285304851196,6.809781097162963,0.0018438565554865782
2025-10-09 15:30:30.943510056,4.363213059623847,0.85971697097882,7.2532077234967565,0.005115093297953233
2025-10-09 15:30:31.068399906,4.460058220996066,0.8787991078470244,6.475359358047937,0.00928818451304847
2025-10-09 15:30:31.193490028,4.550934692871847,0.8967051885418378,5.054573266176088,0.010889014404223185
2025-10-09 15:30:31.318389893,4.608479823785181,0.9080437422561175,3.751958958022729,0.008553722823640642
2025-10-09 15:30:31.443480015,4.626838672173408,0.9116611254348216,3.0391836145152538,0.00508944048037363
2025-10-09 15:30:31.568370104,4.618640761906576,0.9100458289808904,2.9453587459138144,0.0031563689697384767
2025-10-09 15:30:31.693360090,4.599672349366188,0.906308338752782,3.550829572247167,0.002968333019162217
2025-10-09 15:30:31.818249941,4.579263482033479,0.9022870247888249,5.336167609107119,0.004530411080937324
2025-10-09 15:30:31.943340063,4.553975286925116,0.8973042998558469,8.362791928891511,0.006052087547289364
2025-10-09 15:30:32.068239927,4.511634286925154,0.8889615314027015,11.486010235438586,0.0047718131664818975
2025-10-09 15:30:32.193429947,4.453039614295937,0.8774161785217152,12.929538344468686,0.002429449257127736
2025-10-09 15:30:32.318320036,4.394202170813607,0.8658229906577405,11.361391996125475,0.0012006303663334439
2025-10-09 15:30:32.443510056,4.348631846626361,0.856843923960466,7.082650332744657,0.0010107245073820437
2025-10-09 15:30:32.568399906,4.320161806401567,0.8512342559448924,4.2422079554748375,0.0012676960719952834
2025-10-09 15:30:32.693389893,4.308031875190232,0.8488442035736956,7.88328673462465,0.0018859808578555182
2025-10-09 15:30:32.818279982,4.308619442241897,0.8489599763675064,10.693559403629878,0.003228908014804688
2025-10-09 15:30:32.943370104,4.3149490623783775,0.8502071494431322,10.47494923387856,0.005612233926875487
2025-10-09 15:30:33.068269968,4.317232113796426,0.8506569963845702,8.357714343194376,0.007315106102240065
2025-10-09 15:30:33.193360090,4.310900022741926,0.8494093364452211,6.130900886505832,0.00590156365544936
2025-10-09 15:30:33.318249941,4.30841888532386,0.8489204591164057,7.775859844331173,0.009123920664849683
2025-10-09 15:30:33.443340063,4.31735915972641,0.8506820292079982,17.45128498875584,0.03724709647050983
2025-10-09 15:30:33.568229914,4.292757711985113,0.8458346193188132,28.88249892001017,0.05612191946731537
2025-10-09 15:30:33.693320036,4.194477163030051,0.8264696571454864,36.302082109482754,0.031231201541975118
2025-10-09 15:30:33.818219900,4.037051189681672,0.7954508232927732,33.53954450580513,0.008621411420868141
2025-10-09 15:30:33.943310022,3.8832832124110146,0.7651527521589133,20.054253166879924,0.0012082939848597762
2025-10-09 15:30:34.068200111,3.795537442081775,0.7478635373411157,6.090384230788564,0.0007528368640584704
2025-10-09 15:30:34.193289995,3.7972762137249556,0.7482061407092921,22.440298046649808,0.005102241852388056
2025-10-09 15:30:34.318180084,3.8707728903734093,0.7626877484973532,34.60680394825011,0.01724802316970142
2025-10-09 15:30:34.443269968,3.979401158051596,0.7840916001944368,35.88190606455152,0.03746279057772306
2025-10-09 15:30:34.568160057,4.086424347831237,0.8051791912161267,28.162065610350837,0.04289328118602487
2025-10-09 15:30:34.693249941,4.168874187819818,0.8214249087009342,17.521136088092405,0.02275009928915883
2025-10-09 15:30:34.818140030,4.229958939007629,0.833460900651487,11.469051372983426,0.010623907511826403
2025-10-09 15:30:34.943239927,4.287487533197683,0.8447961960097217,10.007823182155347,0.00979629602793941
2025-10-09 15:30:35.068030119,4.349710752876684,0.8570565090441697,8.31648114653403,0.008393643975507792
2025-10-09 15:30:35.193120003,4.404772011588767,0.8679056465745553,6.268570231325162,0.005432507893712524
2025-10-09 15:30:35.317909956,4.447997161975097,0.8764226258859996,5.301196236596038,0.004042787876875398
2025-10-09 15:30:35.443000078,4.4841761283728605,0.8835512421097764,5.233581845356773,0.003716032411629988
2025-10-09 15:30:35.567889929,4.517048891122647,0.8900284119460319,5.45624864506494,0.003378439778648712
2025-10-09 15:30:35.692980051,4.550341139375509,0.8965882361934165,5.9403325333064485,0.003661317235630568
2025-10-09 15:30:35.817980051,4.583919904522993,0.9032045150382303,6.118226929860644,0.005528357825471897
2025-10-09 15:30:35.943069935,4.60975966411123,0.908295918905163,5.255172264571543,0.0063951507373921634
2025-10-09 15:30:36.067859888,4.616440667866892,0.909612327761074,3.7495546169209217,0.00440219878440018
2025-10-09 15:30:36.192950010,4.603336674748914,0.9070303485826182,2.677976952379539,0.0027711036742454898
2025-10-09 15:30:36.317840099,4.5802681952607776,0.9024849910583314,3.1854805699815527,0.004276400259334845
2025-10-09 15:30:36.442929983,4.553714882134448,0.8972529903243613,4.2690796527699035,0.007035048784967413
2025-10-09 15:30:36.567820072,4.5202320729215195,0.8906556184053098,5.121085354076516,0.008210795568641904
2025-10-09 15:30:36.692909956,4.472392910352136,0.8812295052688912,5.597362539160028,0.0065960402365924375
2025-10-09 15:30:36.817899942,4.411315165468262,0.869194893823557,5.498334663690361,0.0036794731113760637
2025-10-09 15:30:36.942990065,4.355750201654648,0.8582465074556205,5.532535347640807,0.00280985011088164
2025-10-09 15:30:37.067889929,4.325550490018383,0.8522960291595636,7.287196350015347,0.0055185740824423846
2025-10-09 15:30:37.192980051,4.322028821614602,0.8516021281165667,10.583486016149262,0.009873072902177205
2025-10-09 15:30:37.317970037,4.321759535043393,0.8515490685404787,13.637440024505112,0.010481586849420688
2025-10-09 15:30:37.443059921,4.301325739906074,0.8475228428620627,14.696926849597503,0.006785653429956406
2025-10-09 15:30:37.568049908,4.261682106640225,0.8397115570403135,12.560758322596213,0.0030314634638649585
2025-10-09 15:30:37.693239927,4.219079358990603,0.8313172144619877,7.4960304979200165,0.001111369229411352
2025-10-09 15:30:37.817929983,4.188981694496611,0.8253868432885612,3.5114427206252414,0.0006102925506901169
2025-10-09 15:30:37.943020105,4.183078482555238,0.8242236886545948,8.41632691312255,0.0011125960007222213
2025-10-09 15:30:38.068020105,4.2097973825632575,0.8294883162281017,12.89351651915586,0.0026467831676523224
2025-10-09 15:30:38.193010092,4.2704575389443775,0.8414406470426721,14.5106297856163,0.005350346381246096
2025-10-09 15:30:38.318000078,4.353867779442206,0.8578755995259666,13.682765491389453,0.00878763501145019
2025-10-09 15:30:38.442990065,4.439397750870664,0.8747282186760197,11.540826012626912,0.011598753882294255
2025-10-09 15:30:38.567980051,4.510139971510556,0.888667095099828,9.211855873136207,0.012603386197861721
2025-10-09 15:30:38.692980051,4.560603716558326,0.8986103496335538,7.08684437683635,0.010994687720430774
2025-10-09 15:30:38.817970037,4.589866333612433,0.90437618507475,5.158117068783046,0.007529119987969901
2025-10-09 15:30:38.942960024,4.600575272234391,0.9064862484955957,3.818030214646815,0.005102831352864268
2025-10-09 15:30:39.067850113,4.600401650851166,0.9064520385572672,3.565444496020096,0.005209817584897358
2025-10-09 15:30:39.192840099,4.592371840904594,0.9048698641847425,3.6191348054956447,0.00517374937434556
2025-10-09 15:30:39.317830086,4.573056723579388,0.9010640600825797,3.4326780348702965,0.003416548336095282
2025-10-09 15:30:39.442820072,4.540837178110234,0.8947155986028088,3.7053736785731877,0.00242780562792988
2025-10-09 15:30:39.567810059,4.499351495122091,0.8865413597494284,4.630867889754144,0.003315601314253902
2025-10-09 15:30:39.692909956,4.456353804745217,0.8780691986092897,5.002976918812239,0.003647269524448715
2025-10-09 15:30:39.817899942,4.424137914508789,0.8717214573477533,4.291003846977884,0.0028434358717949193
2025-10-09 15:30:39.942889929,4.41413231871709,0.8697499789007167,3.4502786108566648,0.0023952006760100675
2025-10-09 15:30:40.067879915,4.428882912605505,0.8726564003210311,3.858569171466283,0.002908713009613817
2025-10-09 15:30:40.192869902,4.46216060940864,0.8792133573858802,4.531121268464352,0.0035924043077439904
2025-10-09 15:30:40.317869902,4.503195718371197,0.8872988162206861,4.254518000020331,0.0031556551573472813
2025-10-09 15:30:40.442859888,4.5419455981476995,0.8949339990119018,3.3646362639893184,0.001997536322878579
2025-10-09 15:30:40.567850113,4.571695659253279,0.9007958792525904,2.9961844027821454,0.0018102705692671917
2025-10-09 15:30:40.692840099,4.589032571594489,0.9042119026189569,3.393289330277334,0.0027965344548250837
2025-10-09 15:30:40.817830086,4.593017818990167,0.9049971461477038,3.8703376347807175,0.003983949226803785
2025-10-09 15:30:40.942719936,4.586040844082969,0.9036224198503985,4.1612091395083715,0.004968482289266718
2025-10-09 15:30:41.067709923,4.571291120188092,0.9007161698515109,4.222822198839184,0.005794057530003838
2025-10-09 15:30:41.192600012,4.552626030622102,0.8970384456502306,3.9849977467449085,0.005875516787671731
2025-10-09 15:30:41.317600012,4.536105536318821,0.8937832873236936,3.444414114831142,0.004642110897884355
2025-10-09 15:30:41.442490101,4.530394607071154,0.8926580196076351,2.9163782394907214,0.003520149332549072
2025-10-09 15:30:41.567480087,4.54212179532508,0.8949687164784942,2.6448705958768572,0.004153379864583084
2025-10-09 15:30:41.692369938,4.564319009557276,0.8993424019994842,2.488671622709794,0.0054479500331549024
2025-10-09 15:30:41.817460060,4.576279094971266,0.9016989883646822,2.425530065102884,0.004743485124018121
2025-10-09 15:30:41.942450047,4.565288003731791,0.8995333302730354,2.8581120093432304,0.003211677820872949
2025-10-09 15:30:42.067539930,4.5385359093629445,0.8942621621627834,3.638249276649553,0.003080545985156946
2025-10-09 15:30:42.192430019,4.509744082885568,0.888589090160608,4.258521107553184,0.004064155631358091
2025-10-09 15:30:42.317529917,4.485590269067427,0.8838298809793107,4.3958606612024225,0.005008973234766123
2025-10-09 15:30:42.442519903,4.464891637784058,0.8797514726258393,4.119528854082104,0.005274991928883366
2025-10-09 15:30:42.567509890,4.447675177968799,0.876359182934483,1.9879006600198232,0.0010919642887406988
2025-10-09 15:30:42.692500114,4.466408806616872,0.8800504119110831,1.9879044519432003,0.0012202123481203087
2025-10-09 15:30:42.817689896,4.481328219771356,0.8829900970721511,1.9910782918054846,0.0013586196442176846
2025-10-09 15:30:42.942480087,4.493292459717281,0.885347502036295,1.9847230282341595,0.0014857443608442544
2025-10-09 15:30:43.067470074,4.502651359030244,0.8871915569699154,1.9879006600198503,0.0016242391336899198
2025-10-09 15:30:43.192460060,4.509667484729857,0.8885739974448706,1.9879006600198161,0.0017501017784549155
2025-10-09 15:30:43.317450047,4.514432223498908,0.8895128300725826,1.9879006600197953,0.0018617126504607562
2025-10-09 15:30:43.442450047,4.516988049708726,0.8900164239006692,1.9880599208014582,0.0019530092157448165
2025-10-09 15:30:43.567539930,4.5173300742656295,0.8900838155939107,1.989489475912675,0.0020205157064914214
2025-10-09 15:30:43.692430019,4.515413384815854,0.8897061557305141,1.9863118441269716,0.00204775868994278
2025-10-09 15:30:43.817519903,4.511170426425733,0.8888701334493884,1.9894894759126842,0.0020548151478001486
2025-10-09 15:30:43.942409992,4.504481902951786,0.8875522429263347,1.9863118441269871,0.0020155496334860468
2025-10-09 15:30:44.067500114,4.495233130851835,0.8857298871929823,1.9894932678359956,0.001958210849210995
2025-10-09 15:30:44.192389965,4.4832258251254755,0.8833639966513978,1.9863080522036451,0.0018618397437124568
2025-10-09 15:30:44.317480087,4.468294502407564,0.8804219648586947,1.98949326783599,0.0017565583386581762
2025-10-09 15:30:44.442480087,4.4501460236533035,0.8768460324049558,1.9880599208014533,0.0016284296047583968
2025-10-09 15:30:44.567470074,4.428524719435598,0.8725858228033051,1.9879006600198739,0.0014944728072966429
2025-10-09 15:30:44.692460060,4.403068113350653,0.8675699145779486,1.9879006600197662,0.0013582561874810883
2025-10-09 15:30:44.817450047,4.373346874349187,0.8617137133750945,1.9879006600198743,0.0012241606010381378
2025-10-09 15:30:44.942440033,4.338834489985938,0.854913476453227,1.9879006600198055,0.0010957053678529727
2025-10-09 15:30:45.067430019,4.298867929649941,0.8470385618609361,1.9879006600198286,0.0009753085869307343
2025-10-09 15:30:45.192420006,4.252582374050641,0.8379185676923883,1.9879006600198126,0.0008644193259617072
2025-10-09 15:30:45.317420006,4.198782498954902,0.8273179701455118,1.988059920801451,0.0007638198937900409
2025-10-09 15:30:45.442409992,4.1356147248786534,0.8148715443922416,5.7978213375943195,0.007323899553417057
2025-10-09 15:30:45.567399979,4.079317874539775,0.8037789488697207,3.5604521221528893,0.0034054304612699537
2025-10-09 15:30:45.692389965,4.061539844963354,0.8002760088279318,4.656516498448923,0.0013438448211221532
2025-10-09 15:30:45.817379951,4.116588612639572,0.8111226851547566,7.363984574348589,0.0025778581663910005
2025-10-09 15:30:45.942369938,4.251643367951917,0.8377335481969169,8.859926626300863,0.011921626409534314
2025-10-09 15:30:46.067359924,4.434013963855396,0.8736674102758999,7.9898713008922115,0.035967681285787756
2025-10-09 15:30:46.192349911,4.5837385715044485,0.9031687856178899,5.866496862992343,0.048365091267264515
2025-10-09 15:30:46.317349911,4.656290827161602,0.9174643069731148,3.2955613929663032,0.01989366246165003
2025-10-09 15:30:46.442339897,4.669495646888333,0.9200661527832218,1.62224079158644,0.004665875948169362
2025-10-09 15:30:46.567329884,4.6690099432610594,0.9199704509127133,1.356994421283669,0.0022935194851609886
2025-10-09 15:30:46.692320108,4.682404880008667,0.9226097569217806,2.1092558216664945,0.00280564600742661
2025-10-09 15:30:46.817310095,4.715035865369229,0.9290392875247752,2.6568919622112976,0.006055822937334199
2025-10-09 15:30:46.942300081,4.759689707134267,0.93783777273744,2.6023026354953416,0.012178419330175383
2025-10-09 15:30:47.067290068,4.798245027940199,0.9454346200986481,2.0512647724540582,0.015588657473359913
2025-10-09 15:30:47.192280054,4.8117484752599715,0.9480953067689726,1.302699372812085,0.010080701147021975
2025-10-09 15:30:47.317270041,4.802391683869644,0.9462516671753408,0.786737450417228,0.004475982405950485
2025-10-09 15:30:47.442369938,4.794462926545304,0.9446894039676177,0.7389983254013502,0.004051888336822129
2025-10-09 15:30:47.567260027,4.799468101716242,0.9456756116036821,0.8440807863534153,0.0053050577097082385
2025-10-09 15:30:47.692250013,4.812092700766504,0.9481631321320171,0.9014654300348961,0.006141443462052365
2025-10-09 15:30:47.817140102,4.825771394134831,0.9508583488608054,0.8573399352975457,0.0057337555111636185
2025-10-09 15:30:47.942130089,4.836591623585939,0.9529903407580346,0.7728825647076016,0.004822895070191513
2025-10-09 15:30:48.067019939,4.842377667330454,0.9541304088532686,0.726863836633107,0.004344198210100569
2025-10-09 15:30:48.192009926,4.840721469294138,0.9538040755893034,0.7582318754187269,0.0042294423150760485
2025-10-09 15:30:48.316900015,4.831941934357084,0.9520741772140593,0.9445200573545274,0.004577081184127474
2025-10-09 15:30:48.441900015,4.818661106324696,0.9494573549108462,1.2987682537150345,0.005494609701505948
2025-10-09 15:30:48.566989899,4.801551138664693,0.9460860481767506,1.562151136970748,0.0052291587979480525
2025-10-09 15:30:48.691979885,4.781703269558906,0.9421752719494988,1.5177754206387055,0.003648347809622754
2025-10-09 15:30:48.816869974,4.764753108822017,0.9388354531858516,1.1568197069902466,0.002349872841621359
2025-10-09 15:30:48.941960096,4.756349460068648,0.9371796185170677,0.862211040731908,0.002201533637839037
2025-10-09 15:30:49.066849947,4.757847523026991,0.9374747932269163,1.08485400898001,0.0031902970327215563
2025-10-09 15:30:49.191849947,4.766343611861675,0.9391488420662253,1.3811534979733426,0.004596833695806546
2025-10-09 15:30:49.316940069,4.776363688100655,0.9411231737056468,1.4193132765034646,0.0053080364634299215
2025-10-09 15:30:49.441930056,4.78331752556738,0.942493341057522,1.2186867313169534,0.004611336003353617
2025-10-09 15:30:49.566819906,4.788124626631379,0.9434405206495922,0.9484427628697475,0.003299332470428795
2025-10-09 15:30:49.691910028,4.796260247676057,0.9450435437855207,0.8572009420800936,0.0034836449516367773
2025-10-09 15:30:49.816900015,4.8096399766235916,0.9476798532863645,0.9974229455140884,0.005821854444765351
2025-10-09 15:30:49.941989899,4.819538342137219,0.9496302033382023,1.1818921218541902,0.008178584222830687
2025-10-09 15:30:50.066879988,4.811766983615259,0.9480989536106298,1.3186469949087967,0.007322153462571257
2025-10-09 15:30:50.191879988,4.781124806126733,0.9420612929109018,1.4517198109945322,0.004278189235503049
2025-10-09 15:30:50.316869974,4.743066566960861,0.9345623893163816,1.5900294941286468,0.0028932588760157696
2025-10-09 15:30:50.441960096,4.7191991140105785,0.9298596039893764,1.617634450569411,0.003435570146322453
2025-10-09 15:30:50.566950083,4.712969858315678,0.9286322064810975,1.4691880982175156,0.004166265440116224
2025-10-09 15:30:50.692039967,4.717590581422249,0.9295426626102455,1.302623695416677,0.004184791385666409
2025-10-09 15:30:50.816839933,4.728835528768554,0.9317583398965192,1.4837613156104323,0.004091635168848473
2025-10-09 15:30:50.941930056,4.7450999872950135,0.9349630495515145,1.8165723376749963,0.004497907655434452
2025-10-09 15:30:51.066819906,4.763066116130205,0.9385030522172881,1.8592939687319485,0.005346789464479196
2025-10-09 15:30:51.191910028,4.7747208214213686,0.9407994672200966,1.5306409901776443,0.005620176841922064
2025-10-09 15:30:51.316900015,4.772034940854319,0.9402702477953375,1.1246205305466375,0.005748452968187268
2025-10-09 15:30:51.441890001,4.754102227094787,0.9367368291554272,1.025907760573045,0.006480200408589876
2025-10-09 15:30:51.566890001,4.7331831963981745,0.9326149938334879,1.0818537769994612,0.006696331542899281
2025-10-09 15:30:51.691780090,4.7242383516248605,0.9308525232070702,1.0902539444046968,0.006410740531403003
2025-10-09 15:30:51.816770077,4.7310396952987634,0.9321926435500401,1.0779747415500978,0.006226794622704257
2025-10-09 15:30:51.941859961,4.747102967475993,0.9353577119323313,1.0304842867331845,0.00566113858439532
2025-10-09 15:30:52.066950082,4.766789342778738,0.9392366678103851,0.9851181420738327,0.005168109804483567
2025-10-09 15:30:52.191839933,4.787113130788171,0.9432412179498164,1.0481493228834335,0.005882468039619226
2025-10-09 15:30:52.316839933,4.804389321274696,0.9466452768284834,1.1642674574241951,0.007261650732897751
2025-10-09 15:30:52.441829920,4.811612427344121,0.9480685002159749,1.1953804096039888,0.00731916039500391
2025-10-09 15:30:52.566819906,4.805246281601189,0.9468141302230056,1.0782812715089696,0.0055194049092403
2025-10-09 15:30:52.691910028,4.788585387774328,0.9435313079131862,0.8936704121442087,0.0036785278585013126
2025-10-09 15:30:52.816900015,4.769253740355833,0.9397222467613359,0.7872032815562954,0.002924799609524853
2025-10-09 15:30:52.941790104,4.7539675936143775,0.9367103012993753,0.8167767029188577,0.003043520876297112
2025-10-09 15:30:53.066780090,4.747721931664075,0.9354796711421272,0.9210550106964296,0.0039631050681028235
2025-10-09 15:30:53.191770077,4.752572040020468,0.9364353247872959,1.2129832995058094,0.007548474138052819
2025-10-09 15:30:53.316770077,4.760486325226643,0.9379947364437833,1.8154047792814691,0.014134407345729572
2025-10-09 15:30:53.441760063,4.752964567087728,0.9365126673732941,2.4173917164084107,0.01565608923284667
2025-10-09 15:30:53.566750050,4.72034586936969,0.9300855578977272,2.584460173839984,0.009914757113928752
2025-10-09 15:30:53.691740036,4.67492538463075,0.9211360152037206,2.10732532194035,0.004312288460995073
2025-10-09 15:30:53.816730022,4.6375754284004245,0.9137766699694322,1.2226295392615865,0.0018741543573751462
2025-10-09 15:30:53.941720009,4.624007683789255,0.9111033143159876,1.1219461365729637,0.0022240595884090997
2025-10-09 15:30:54.066709994,4.639400286868181,0.914136235677759,1.9671798141667174,0.005353525721410679
2025-10-09 15:30:54.191699982,4.680156187184393,0.9221666799147381,2.4860366253440436,0.01105670217233845
2025-10-09 15:30:54.316699982,4.731775815203021,0.9323376868394045,2.4525581072651472,0.015756055646144462
2025-10-09 15:30:54.441689968,4.772816368255084,0.9404242183644675,2.066696061240017,0.014393005919039248
2025-10-09 15:30:54.566679955,4.789798831316026,0.9437704019000869,1.6516955985211075,0.009727471509832997
2025-10-09 15:30:54.691669941,4.787598962166858,0.9433369449921551,1.346927940410325,0.006281433001309122
2025-10-09 15:30:54.816659927,4.778893946097363,0.9416217296347291,1.1293434730798244,0.004396428448761869
2025-10-09 15:30:54.941550016,4.773358756028748,0.9405310891423778,1.0396075949578283,0.003572917485820226
2025-10-09 15:30:55.066540003,4.777006722279898,0.9412498756084099,1.1926966442549423,0.004116973967791648
2025-10-09 15:30:55.191430092,4.7892812855510565,0.9436684259316155,1.4044010493057173,0.00633717093613706
2025-10-09 15:30:55.316430092,4.801527800440578,0.946081449669396,1.417516603004353,0.008332559974781995
2025-10-09 15:30:55.441319942,4.803137307149164,0.9463985829868314,1.2070181927510455,0.007242653776229457
2025-10-09 15:30:55.566410065,4.793007225759282,0.9444025761979652,1.0826852749104885,0.005245253282135542
2025-10-09 15:30:55.691299915,4.780422368318623,0.9419228862604732,1.268127914086351,0.005405827250136053
2025-10-09 15:30:55.816390038,4.770299419157032,0.9399282847886564,1.4977254075978013,0.0061339305917846865
2025-10-09 15:30:55.941279888,4.760286074152159,0.937955279455358,1.5532805729603394,0.005632387403645356
2025-10-09 15:30:56.066270113,4.747721794360664,0.9354796440881944,1.418302079326897,0.004363849577558199
2025-10-09 15:30:56.191169977,4.734167139519638,0.9328088676114676,1.1716244319883398,0.0032372376438323247
2025-10-09 15:30:56.316260099,4.723395096099916,0.9306863701735694,0.9822665223731285,0.00252151869088324
2025-10-09 15:30:56.441250086,4.720203301780121,0.9300574667239546,1.1806293962971612,0.0036246418417859028
2025-10-09 15:30:56.566339970,4.726754515662993,0.9313483020965695,1.7700873601585319,0.008360239435608596
2025-10-09 15:30:56.691329956,4.733063758463296,0.9325914600710541,0.3502124416799659,0.0003266492749277594
2025-10-09 15:30:56.816420078,4.743280319961639,0.9346045066917779,0.3504930145894591,0.00032837071759972414
2025-10-09 15:30:56.941309929,4.752512083734611,0.9364235111454305,0.34993186877047633,0.0003276584668479021
2025-10-09 15:30:57.066299915,4.760820456362355,0.9380605728363633,0.3502124416799662,0.00032766251641414
2025-10-09 15:30:57.191400051,4.768294171074663,0.9395331755460231,0.3505210718803993,0.00032686095186607034
2025-10-09 15:30:57.316390038,4.774988759115639,0.9408522610167279,0.3502124416799739,0.0003240697873096998
2025-10-09 15:30:57.441380024,4.780941319863398,0.9420251392204048,0.35021244167996674,0.00032104197748261676
2025-10-09 15:30:57.566370010,4.786200544096124,0.9430614040704753,0.3502124416799614,0.00031723604717703857
2025-10-09 15:30:57.691359997,4.7908037245830215,0.9439684036441808,0.35021244167997384,0.00031269459698324287
2025-10-09 15:30:57.816349983,4.79478388489219,0.9447526448256791,0.35021244167996485,0.0003074672261920153
2025-10-09 15:30:57.941240072,4.798170452769951,0.945419925987084,0.34993253680122,0.0003011299638864262
2025-10-09 15:30:58.066339970,4.800987743518724,0.945975038156901,0.35052040384967015,0.00029570275369872334
2025-10-09 15:30:58.191329956,4.8032656903799325,0.9464238793087786,0.35021244167996757,0.00028824500115964824
2025-10-09 15:30:58.316319942,4.805019143740273,0.9467693755270711,0.3502124416799629,0.00028086770807134176
2025-10-09 15:30:58.441309929,4.806269547491093,0.9470157520643764,0.3502124416799741,0.0002731147799859279
2025-10-09 15:30:58.566299915,4.807034202113945,0.9471664177658262,0.35021244167996374,0.0002650520253920652
2025-10-09 15:30:58.691299915,4.807328659656781,0.9472244369694153,0.35024049897091525,0.0002567846745702429
2025-10-09 15:30:58.816289902,4.807166814918624,0.947192547472809,0.35021244167996574,0.0002482517956858832
2025-10-09 15:30:58.941380024,4.806561084463583,0.9470731958058332,0.3504930145894554,0.00024001687875163658
2025-10-09 15:30:59.066370009,4.805521385502025,0.9468683360316836,0.3502124416799675,0.00023094508051768603
2025-10-09 15:30:59.191359997,4.804058861486262,0.9465801638293104,0.3502124416799671,0.00022224354374900113
2025-10-09 15:30:59.316250086,4.802180884575165,0.9462101317911051,0.34993253680121755,0.00021323381928539664
2025-10-09 15:30:59.441250086,4.799896005911893,0.9457599248136783,0.350240498970925,0.0002050108660437422
2025-10-09 15:30:59.566240072,4.797205355189618,0.9452297654890462,0.35021244167996257,0.0001964869258256341
2025-10-09 15:30:59.691230059,4.794114384507528,0.9446207280856744,2.532144026027548,0.011978101590476853
2025-10-09 15:30:59.816220045,4.817237324464699,0.9491768163693437,1.8184732542985065,0.007153877631349226
2025-10-09 15:30:59.941210032,4.816225391574086,0.9489774275548019,1.5495596313149747,0.005062379216903445
2025-10-09 15:31:00.066210032,4.806564778305427,0.9470739236315152,1.501308264454705,0.004691317547700136
2025-10-09 15:31:00.191200018,4.791646904728683,0.9441345418251295,1.556651935974449,0.005192989613106436
2025-10-09 15:31:00.316190004,4.775035092438057,0.9408613904227552,1.5406321060499812,0.006184096915545001
2025-10-09 15:31:00.441179991,4.756447512064171,0.9371989384456243,1.468868988689597,0.0069198180043559265
2025-10-09 15:31:00.566169977,4.74387200205648,0.9347210903037647,1.264277508301876,0.006024736377482243
2025-10-09 15:31:00.691159964,4.742554214072792,0.9344614365398419,1.101519165742022,0.005595776468888092
2025-10-09 15:31:00.816149950,4.762896659217592,0.9384696628361985,1.0130244492548046,0.006304302088822822
2025-10-09 15:31:00.941149950,4.798216729617746,0.9454290442654878,1.1317996181078167,0.009790433702404067
2025-10-09 15:31:01.066240072,4.835578756298425,0.9527907678321825,1.2188294299814884,0.01052286265271074
2025-10-09 15:31:01.191230059,4.851923520458491,0.9560113007154121,1.3829367854840655,0.009300474671311343
2025-10-09 15:31:01.316220045,4.846176683782312,0.9548789578862997,1.5242840683117438,0.006941172261263673
2025-10-09 15:31:01.441210032,4.82798830152899,0.9512951629434098,1.6910255421317562,0.0063054263804963595
2025-10-09 15:31:01.566200018,4.805921833293502,0.9469472392980655,1.77523952466984,0.005892365007331257
2025-10-09 15:31:01.691200018,4.782973016002913,0.9424254597243875,1.7541965377342985,0.005630799402510656
2025-10-09 15:31:01.816190004,4.759763360148732,0.9378522851496539,1.6127834889686836,0.005155504459500082
2025-10-09 15:31:01.941179991,4.739571324239093,0.9338736951259922,1.4421632227369414,0.0046936728125533955
2025-10-09 15:31:02.066169977,4.727074325285184,0.9314113166126893,1.3333507358062242,0.004141738610783707
2025-10-09 15:31:02.191159964,4.723620030005799,0.9307306906075234,1.3184205884822944,0.003811028053748111
2025-10-09 15:31:02.316149950,4.725564603220814,0.9311138446207275,1.3388565269617205,0.004005145703014357
2025-10-09 15:31:02.441139936,4.727327054256316,0.9314611137192186,1.3727594038869304,0.004890412026053781
2025-10-09 15:31:02.566139936,4.72231762812844,0.9304740684848585,1.4240884603131225,0.005735840468807707
2025-10-09 15:31:02.691129923,4.707154285453544,0.9274863200397943,1.5602541090912083,0.005991291406335919
2025-10-09 15:31:02.816020012,4.684098925547648,0.9229435475663289,1.8626352600007337,0.006743516261959348
2025-10-09 15:31:02.941009998,4.656468824726079,0.9174993791836356,2.0067750989348556,0.006833766292492438
2025-10-09 15:31:03.065999985,4.628040550542111,0.911897940647947,1.8836148970883089,0.005815426418861569
2025-10-09 15:31:03.190989971,4.602346928295536,0.906835331330124,1.5822729119004724,0.004517577823353602
2025-10-09 15:31:03.315979958,4.586356898110397,0.90368469437319,1.444934076806274,0.0036149695497548207
2025-10-09 15:31:03.440969944,4.583019459145434,0.9030270934541937,1.7529131030253613,0.004207409905727766
2025-10-09 15:31:03.565870047,4.59691158787456,0.9057643649713637,2.030363470040524,0.005455740022345057
2025-10-09 15:31:03.690860033,4.62595754369604,0.9114875100061789,2.1318162528233993,0.006554788210816231
2025-10-09 15:31:03.815749884,4.6677700209994395,0.9197261396227437,2.014504952787409,0.006623313385099028
2025-10-09 15:31:03.940740108,4.717551291480728,0.9295349210149915,1.8578305121320944,0.007516629561595156
2025-10-09 15:31:04.065730095,4.768523536902178,0.9395783692351194,1.6791196806005224,0.010924762724063841
2025-10-09 15:31:04.190720081,4.808545766416079,0.9474642527478709,1.4276290742969617,0.01346304313211788
2025-10-09 15:31:04.315710068,4.826661544742236,0.9510337419881764,1.2195147963149116,0.011697601207649844
2025-10-09 15:31:04.440710068,4.822656098891928,0.9502445186046766,1.1877923483925965,0.008535343862438372
2025-10-09 15:31:04.565599918,4.806327191848212,0.9470271101693829,1.2253901322884888,0.006825878554379661
2025-10-09 15:31:04.690690041,4.787160269648194,0.9432505060770291,1.1308640830015781,0.0056230008042897905
2025-10-09 15:31:04.815680027,4.771565160171172,0.940177683343311,0.9503941308899166,0.004657234728754012
2025-10-09 15:31:04.940769911,4.767527525533912,0.9393821175589154,0.9632803946473738,0.004619483230547505
2025-10-09 15:31:05.065759897,4.775939747856745,0.9410396415431349,1.1204935290446794,0.006138450661954287
2025-10-09 15:31:05.190759897,4.792820591705239,0.944365802274384,1.1105571554368554,0.007141075777301387
2025-10-09 15:31:05.315749884,4.809252642053582,0.9476035338174928,1.1039633656738796,0.007616183734000304
2025-10-09 15:31:05.440740108,4.821050164322214,0.9499280891328636,1.2038970945973746,0.006916581567685709
2025-10-09 15:31:05.565629959,4.8232326194459425,0.9503581148232504,1.3705874855626694,0.005508085950830965
2025-10-09 15:31:05.690819979,4.817030761919627,0.9491361157839859,1.5924950389640151,0.005191729047892113
2025-10-09 15:31:05.815609932,4.804536488413745,0.9466742742863846,1.7710743713294483,0.006002301020240464
2025-10-09 15:31:05.940700054,4.788202548518463,0.9434558741901646,1.903006394173703,0.006985543007636985
2025-10-09 15:31:06.065700053,4.767777620926617,0.9394313957515076,2.005819453496002,0.007940515014777771
2025-10-09 15:31:06.190789938,4.745758998846663,0.9350928995971762,2.1203180356083378,0.008748235314888109
2025-10-09 15:31:06.315680027,4.723898193265082,0.9307854992248064,2.2375385599698605,0.009350385784297255
2025-10-09 15:31:06.440870047,4.703137886982054,0.92669493857825,2.2004650394727934,0.008495124794215658
2025-10-09 15:31:06.565660000,4.684548274824692,0.9230320862634067,2.043215246239857,0.006826260094184855
2025-10-09 15:31:06.690850019,4.670785857348916,0.9203203727385484,2.234277742429978,0.007780744294416553
2025-10-09 15:31:06.815639973,4.662051536645504,0.91859938326678,2.8919122927167074,0.012384922164269008
2025-10-09 15:31:06.940740108,4.65235029246554,0.9166878735267895,3.407232133519669,0.015707924501634718
2025-10-09 15:31:07.065629959,4.634321255036347,0.9131354755034792,3.230816239492119,0.012983760229147934
2025-10-09 15:31:07.190720081,4.605957074546366,0.9075466658345684,2.464148398088881,0.007570097184542268
2025-10-09 15:31:07.315710068,4.573509452030849,0.9011532646040292,1.8715671050656986,0.0036734284350753432
2025-10-09 15:31:07.440599918,4.55003826129205,0.8965285578268254,2.3717345958848344,0.0029673910194312203
2025-10-09 15:31:07.565589905,4.551315033499617,0.8967801299412099,3.078592301258482,0.005343038489851626
2025-10-09 15:31:07.690579891,4.584874077762699,0.9033925230305558,3.2220518038163206,0.009403619770407046
2025-10-09 15:31:07.815579891,4.644140592834205,0.9150702541249294,2.71975082109722,0.011945454281547918
2025-10-09 15:31:07.940670013,4.707521817865604,0.9275587377392545,1.8941577094051594,0.00985907446853751
2025-10-09 15:31:08.065659999,4.753696444679924,0.9366568747677282,1.1118417707070551,0.0061025475700632326
2025-10-09 15:31:08.190649986,4.775944947726844,0.9410406661129898,0.9400999581991268,0.006590803543856105
2025-10-09 15:31:08.315639973,4.771790052955161,0.9402219956747062,1.857566087188017,0.013590277606710166
2025-10-09 15:31:08.440629959,4.732690961885073,0.9325180051329977,2.827724210037641,0.014304132663327751
2025-10-09 15:31:08.565619946,4.661014958005248,0.9183951383132093,3.2747502641038135,0.008846667174809197
2025-10-09 15:31:08.690619946,4.58260382925477,0.9029451987436292,2.8437739411349146,0.004097495160799713
2025-10-09 15:31:08.815609932,4.5265646907438555,0.8919033821377219,1.7667320212044035,0.002099964960491141
2025-10-09 15:31:08.940599918,4.5090533844276095,0.8884529966034012,1.197692857646734,0.002164691545860964
2025-10-09 15:31:09.065589905,4.534149516385167,0.8933978778766746,2.1533681932542335,0.004500282291277524
2025-10-09 15:31:09.190579891,4.591621403587719,0.9047219998269499,2.8838556865228187,0.009481536162183835
2025-10-09 15:31:09.315570116,4.658236773623767,0.9178477315676232,2.8924497047675692,0.01462737462291841
2025-10-09 15:31:09.440560102,4.708264177430369,0.9277050104762662,2.3143034297796827,0.013600274107332444
2025-10-09 15:31:09.565550089,4.730465348409815,0.9320794756251851,1.5885904747058004,0.007844788136694647
2025-10-09 15:31:09.690540075,4.732542748852809,0.9324888015948214,1.1225198453849268,0.0040069101329573975
2025-10-09 15:31:09.815540075,4.729783473947212,0.9319451207267271,1.039865098153121,0.0034478953704032422
2025-10-09 15:31:09.940530062,4.730905939572492,0.932166288644545,1.078217243045204,0.004507772354682249
2025-10-09 15:31:10.065619946,4.734896164477359,0.9329525129296896,1.0018315426607407,0.004947837507903063
2025-10-09 15:31:10.190609932,4.7370301550105225,0.9333729892741172,0.8411517684995973,0.003947705579547933
2025-10-09 15:31:10.315599918,4.738807267868251,0.9337231473026745,0.7914426380427073,0.003487451760666116
2025-10-09 15:31:10.440589905,4.74528576115579,0.9349996539846906,0.8541768178562328,0.003955087975397009
2025-10-09 15:31:10.565589905,4.756033622819421,0.9371173867077296,0.9533081311150138,0.0049059649036348185
2025-10-09 15:31:10.690579891,4.765227074620987,0.9389288422629996,1.067369835936448,0.006154062552457651
2025-10-09 15:31:10.815469980,4.7678824397147865,0.9394520489925561,1.1261060723022498,0.0068360447065838326
2025-10-09 15:31:10.940459967,4.761798553176497,0.9382532946720582,1.0868423860095815,0.006226754303438886
2025-10-09 15:31:11.065449953,4.7511545294666115,0.9361560219288201,0.9893599727530925,0.00474122350774131
2025-10-09 15:31:11.190439939,4.745006894154807,0.9349447067038417,0.9124133182511094,0.0038782375929029556
2025-10-09 15:31:11.315530062,4.7508558831619,0.9360971773817002,0.876188061822917,0.004792671828222517
2025-10-09 15:31:11.440530062,4.766999116863943,0.9392780011898596,0.8366842458376996,0.006084205993416414
2025-10-09 15:31:11.565419912,4.783624919454174,0.9425539092071036,0.8039504560021096,0.005874440094499334
2025-10-09 15:31:11.690409899,4.792930731187207,0.9443875038920976,0.7715504577543842,0.004692815259431549
2025-10-09 15:31:11.815399885,4.793671663412811,0.9445334953896458,0.7505063986476064,0.004034464886835454
2025-10-09 15:31:11.940390110,4.786563691584448,0.9431329577751453,0.720826138181046,0.0034895229110104564
2025-10-09 15:31:12.065380096,4.7754165483497975,0.940936551574989,0.8202673780079272,0.004083385778448911
2025-10-09 15:31:12.190380096,4.763608878750603,0.9386099968540941,1.173639543184789,0.0070969287107512935
2025-10-09 15:31:12.315269947,4.746970902091988,0.935331690087797,1.6081340235508979,0.00994131751504268
2025-10-09 15:31:12.440259933,4.717472158486975,0.9295193288408841,1.824934273607135,0.0087179401677131
2025-10-09 15:31:12.565150023,4.678325690752376,0.9218060033155403,1.6804029315681996,0.005604998329000077
2025-10-09 15:31:12.690150023,4.641700467215909,0.9145894576621616,1.2895233035129685,0.003674653362496172
2025-10-09 15:31:12.815140009,4.617645605124224,0.9098497456902325,1.0587904517840157,0.003291607671559227
2025-10-09 15:31:12.940129995,4.609982416806475,0.908339809558637,1.223104874979656,0.004027424348273523
2025-10-09 15:31:13.065020084,4.6186075856662985,0.9100392920145745,1.4375534769360754,0.0056268314102106975
2025-10-09 15:31:13.190010071,4.64208593324887,0.9146654089590027,1.518525427528298,0.00754823138574634
2025-10-09 15:31:13.315000057,4.674627937054555,0.9210774068511746,1.5251730991130155,0.008674603558156746
2025-10-09 15:31:13.440000057,4.704720569516304,0.9270067865251125,1.519938838091849,0.008579817319069982
2025-10-09 15:31:13.564889908,4.724261026304243,0.930856990971172,1.5305986349686842,0.008485232082526828
2025-10-09 15:31:13.689779997,4.735311502161469,0.9330343500645801,1.5577127447222097,0.008695477503493532
2025-10-09 15:31:13.815069914,4.742635227053505,0.9344773991420429,1.5792254060437354,0.008808433785031378
2025-10-09 15:31:13.939960003,4.748522035634899,0.935637321697547,1.7338801945881381,0.0097873108597345
2025-10-09 15:31:14.065059900,4.7471290307155565,0.9353628473701533,2.055024331130899,0.010228146398986171
2025-10-09 15:31:14.189949989,4.729011583289062,0.9317930292543457,2.2595400715627947,0.007467224995348909
2025-10-09 15:31:14.314939976,4.700022925763937,0.9260811741375591,2.0827815244537775,0.004033545180600506
2025-10-09 15:31:14.439830065,4.676707581188603,0.9214871749122814,1.591021361719257,0.0026345666241001098
2025-10-09 15:31:14.564919949,4.668194148888602,0.9198097087584232,1.4293039121012718,0.003355723037950842
2025-10-09 15:31:14.689810038,4.6725656942462725,0.9206710675052998,1.8954323218358389,0.0052198591531699146
2025-10-09 15:31:14.814899921,4.68425989707127,0.9229752650068505,2.3178498104456637,0.0070869547728505955
2025-10-09 15:31:14.939800024,4.698061507104184,0.9256947009385789,2.366748755719331,0.00789855434988318
2025-10-09 15:31:15.064990044,4.70942727339321,0.927934184097739,2.0737179378714936,0.00692407162055364
2025-10-09 15:31:15.189879894,4.718192182334063,0.9296612006019902,1.69845216014788,0.00544982323266352
2025-10-09 15:31:15.315069914,4.729713644796142,0.9319313617593276,1.4027516096019996,0.004683862370573388
2025-10-09 15:31:15.439960003,4.748710526289835,0.9356744614412874,1.2263454228699189,0.005384802471688821
2025-10-09 15:31:15.564949989,4.7711535849000555,0.9400965875451964,1.1398893337837668,0.006720179161169848
2025-10-09 15:31:15.689840078,4.787907377165888,0.9433977143392274,1.2288368149644606,0.007175038351912133
2025-10-09 15:31:15.814939976,4.7888345082917,0.9435803940186954,1.4866636600835441,0.006033953992861885
2025-10-09 15:31:15.939830065,4.773968715498843,0.9406512740842737,0.09819932599782227,3.820807345744637e-05
2025-10-09 15:31:16.064820051,4.777419143511259,0.9413311380924893,0.09827787391076065,3.860519347653746e-05
2025-10-09 15:31:16.189709902,4.780772738731215,0.9419919224009773,0.09819913853263616,3.887046296824348e-05
2025-10-09 15:31:16.314899921,4.7840257006549205,0.9426328781676432,0.09843515720183536,3.9377671866569486e-05
2025-10-09 15:31:16.439790010,4.787189706281001,0.9432563062001145,0.09819932599782633,3.9498658258252384e-05
2025-10-09 15:31:16.564879894,4.790250990938507,0.9438594943408469,0.09835642182369639,3.992584327516813e-05
2025-10-09 15:31:16.689779997,4.793223249190686,0.9444451409335327,0.0982071995356403,4.009463635412658e-05
2025-10-09 15:31:16.814970016,4.796098472647329,0.9450116680242922,0.09843515720183367,4.056188778711611e-05
2025-10-09 15:31:16.939860106,4.798888792833777,0.9455614659796001,0.0981993259978228,4.0636578346520125e-05
2025-10-09 15:31:17.064949989,4.8015822107756225,0.9460921705504979,0.09835642182369961,4.1025123875493286e-05
2025-10-09 15:31:17.189840078,4.804190695141848,0.9466061400146364,0.09819932599782297,4.114032204372009e-05
2025-10-09 15:31:17.314830065,4.806706941126811,0.9471019350507415,0.09827787391076784,4.144078183754285e-05
2025-10-09 15:31:17.439729929,4.809138071393099,0.9475809590910592,0.09820701207044223,4.160320164836584e-05
2025-10-09 15:31:17.564820051,4.811481310596028,0.948042665288371,0.0983566092888977,4.194046786398786e-05
2025-10-09 15:31:17.689709902,4.813742703910135,0.9484882447692785,0.09819913853263029,4.200326063119597e-05
2025-10-09 15:31:17.814899921,4.815916046170632,0.9489164748830874,0.09843515720183409,4.239028485641949e-05
2025-10-09 15:31:17.939790010,4.818010751891425,0.9493292106428962,0.09819932599782429,4.2358070302839224e-05
2025-10-09 15:31:18.065079926,4.82001754607506,0.9497246245255916,0.09851370511477815,4.2787841777358615e-05
2025-10-09 15:31:18.189870119,4.821948305936136,0.9501050567888729,0.09812077808487754,4.259020384544954e-05
2025-10-09 15:31:18.314870119,4.823789960831846,0.9504679320248268,0.09828574744857198,4.286279904264223e-05
2025-10-09 15:31:18.439759970,4.825553925381179,0.9508154993424305,0.09819913853264212,4.290216249491774e-05
2025-10-09 15:31:18.564850092,4.827236213583355,0.95114697334971,0.09835660928889016,4.3140692505660994e-05
2025-10-09 15:31:18.689739943,4.828841515739034,0.951463278212188,0.09819913853263276,4.3088610694130836e-05
2025-10-09 15:31:18.814830065,4.830365255296623,0.9517635121771836,0.09835660928889269,4.329838714378642e-05
2025-10-09 15:31:18.939719915,4.8318128540398195,0.9520487435398713,0.09819913853264135,4.321629967085627e-05
2025-10-09 15:31:19.064820051,4.8331801813106186,0.952318158405367,0.09836448282669899,4.34036407916949e-05
2025-10-09 15:31:19.189709902,4.834472199881953,0.9525727346264723,0.0981991385326392,4.3284439380175677e-05
2025-10-09 15:31:19.314800024,4.83568501456589,0.9528117047047574,0.09835660928888806,4.343499474190882e-05
2025-10-09 15:31:19.439589977,4.836823043628016,0.9530359392046104,0.09812059061969203,4.322337564166556e-05
2025-10-09 15:31:19.564680099,4.8378822198985985,0.953244636740723,0.09835660928889259,4.341307617616863e-05
2025-10-09 15:31:19.689769983,4.838868007440396,0.953438873938834,0.09835642182370583,4.337935841425278e-05
2025-10-09 15:31:19.814670086,4.839778108599483,0.9536181980747593,0.09820719953563851,4.319946841357947e-05
2025-10-09 15:31:19.939559937,4.8406116332684235,0.9537824337638776,0.09819913853262885,4.312921812144044e-05
2025-10-09 15:31:20.064650058,4.841370250772004,0.9539319099259163,0.09835660928889364,4.318943900250005e-05
2025-10-09 15:31:20.189650059,4.842055334954571,0.9540668972598497,0.09828574744857588,4.303442559472348e-05
2025-10-09 15:31:20.314739943,4.842665437350826,0.9541871103635712,0.09835642182370394,4.298884378117762e-05
2025-10-09 15:31:20.439529896,4.8432016524535735,0.9542927648933014,0.09812059061969505,4.266175510847514e-05
2025-10-09 15:31:20.564620018,4.8436626859908,0.9543836058288064,0.09835660928889674,4.273128167042728e-05
2025-10-09 15:31:20.689409971,4.844050919600365,0.9544601024422622,0.09812059061968867,4.237724746813942e-05
2025-10-09 15:31:20.814500093,4.844364628920893,0.954521914969665,0.09835660928889273,4.241768439749993e-05
2025-10-09 15:31:20.939399958,4.844605436755602,0.9545693631642443,0.0982070120704481,4.2112037834107774e-05
2025-10-09 15:31:21.064490080,4.844772389421021,0.9546022591145106,0.09835660928889074,4.20499263451557e-05
2025-10-09 15:31:21.189280033,4.8448660568947055,0.954620715127466,0.09812059061969344,4.164595967692808e-05
2025-10-09 15:31:21.314369917,4.844886203263233,0.9546246847192988,0.09835642182370673,4.163034851090153e-05
2025-10-09 15:31:21.439359903,4.84483293291828,0.9546141884590933,0.0982778739107623,4.1335676109977015e-05
2025-10-09 15:31:21.564359903,4.844706219363859,0.954589221126144,0.09828574744857664,4.1102122607550307e-05
2025-10-09 15:31:21.689150095,4.844505981420167,0.9545497667249783,0.09812077808487302,4.071346569822776e-05
2025-10-09 15:31:21.814239979,4.844232669384963,0.9544959139811799,0.09835642182371178,4.0645831880348204e-05
2025-10-09 15:31:21.939229965,4.843884979703941,0.9544274060455544,0.09827787391076474,4.0306777357557166e-05
2025-10-09 15:31:22.064320087,4.843463707066366,0.9543443995017568,0.0983566092888924,4.0086183643706086e-05
2025-10-09 15:31:22.189110041,4.842968005350858,0.9542467276320723,0.09812059061968792,3.960027295935031e-05
2025-10-09 15:31:22.314209938,4.842399434235545,0.9541346977517149,0.09836429536151842,3.949218447540925e-05
2025-10-09 15:31:22.439300060,4.841754965756623,0.9540077132380047,0.09835660928889892,3.917122990615418e-05
2025-10-09 15:31:22.564389944,4.841035702928331,0.9538659914262054,0.09835642182369557,3.884729100311901e-05
2025-10-09 15:31:22.689379930,4.840241285985472,0.9537094614290506,0.09827787391077146,3.845353789022621e-05
2025-10-09 15:31:22.814480066,4.839372084993228,0.9535381961632904,0.09836448282670227,3.8180825978062494e-05
2025-10-09 15:31:22.939680099,4.838426234882354,0.9533518281401826,0.0984430307396499,3.7892691460927885e-05
2025-10-09 15:31:23.064680099,4.837403182076304,0.9531502482843403,0.09828574744857886,3.741648388233543e-05
2025-10-09 15:31:23.189369917,4.836304983597609,0.9529338619065183,0.09804185524156198,3.687141726460563e-05
2025-10-09 15:31:23.314559937,4.83513254502281,0.952702847439333,0.09843515720183216,3.6798561580786426e-05
2025-10-09 15:31:23.439260006,4.833877483755871,0.9524555531962922,0.09804991624456187,3.6138663954909944e-05
2025-10-09 15:31:23.564349890,4.8325490774188395,0.9521938072176531,0.0983564218237085,3.598469096066648e-05
2025-10-09 15:31:23.689239979,4.831137346957737,0.9519156432547038,0.09819932599782046,3.548527455565775e-05
2025-10-09 15:31:23.814330101,4.829648001976883,0.9516221863140994,0.09835660928889121,3.5208413993181864e-05
2025-10-09 15:31:23.939320087,4.828075438977676,0.9513123322959991,0.09827787391077014,3.47574990778865e-05
2025-10-09 15:31:24.064409971,4.826422425398775,0.9509866264898376,0.09835642182369964,3.441385913571793e-05
2025-10-09 15:31:24.189300060,4.824685324422911,0.9506443523059172,0.0981993259978238,3.390261822844298e-05
2025-10-09 15:31:24.314399958,4.822867319761274,0.9502861370550068,0.0983642953615194,3.361062660445224e-05
2025-10-09 15:31:24.439290047,4.820961262930623,0.9499105722172213,0.09819932599781854,3.3090511577404946e-05
2025-10-09 15:31:24.564379930,4.818972268221266,0.9495186654999802,0.09835642182370412,3.278523720151583e-05
2025-10-09 15:31:24.689270020,4.816892423860104,0.949108857986606,0.09819932599782594,3.2268576280136685e-05
2025-10-09 15:31:24.814359903,4.814726848425092,0.9486821582293463,0.09835642182370204,3.1956822633683046e-05
2025-10-09 15:31:24.939150095,4.8124669397808475,0.9482368712842054,0.0981207780848816,3.1389568150852476e-05
2025-10-09 15:31:25.064239979,4.810120001560467,0.947774436241422,0.09835642182370555,3.112315700026791e-05
2025-10-09 15:31:25.189039946,4.807672743603467,0.9472922344398494,0.09812846415750327,3.056289790281941e-05
2025-10-09 15:31:25.314130068,4.80513447114012,0.9467920993596028,1.321443905361858,0.006302245284498187
2025-10-09 15:31:25.439120054,4.792265827276134,0.9442564928301558,1.1431225149960962,0.0046338963797131205
2025-10-09 15:31:25.564209938,4.7889347905952615,0.9436001534017654,1.1429814794711244,0.004613192185420223
2025-10-09 15:31:25.688999891,4.790029278191952,0.943815808596353,1.1396500664024025,0.004506519242960749
2025-10-09 15:31:25.814090014,4.788989661317716,0.9436109649964914,1.1386584787836957,0.004072101286606622
2025-10-09 15:31:25.938990116,4.778924926780137,0.9416278339936933,1.3233500775316407,0.004247713681575727
2025-10-09 15:31:26.064080000,4.759959301572115,0.9378908929748273,1.7270724980089862,0.005763204099678787
2025-10-09 15:31:26.188970089,4.734869987198822,0.9329473550219036,2.077333476505638,0.0071604841892349835
2025-10-09 15:31:26.314059973,4.708069431212707,0.9276666381515436,2.1300151576909023,0.007202256415053676
2025-10-09 15:31:26.438950062,4.685556531518539,0.9232307507290098,1.8980878351867703,0.006173766501663458
2025-10-09 15:31:26.564039946,4.674223545847317,0.9209977265836684,1.7850632490435738,0.00577777497266263
2025-10-09 15:31:26.689140081,4.681012355690353,0.9223353772908537,2.063619887723027,0.007132755302110327
2025-10-09 15:31:26.814229965,4.7041019850738035,0.9268849021394695,2.4282321065277097,0.010648354451590292
2025-10-09 15:31:26.939120054,4.735916432061599,0.9331535439921487,2.503856561567775,0.013478863712711564
2025-10-09 15:31:27.064209937,4.762963909069734,0.938482913584762,2.2333055940079047,0.01262676240664129
2025-10-09 15:31:27.189100027,4.777871077960093,0.9414201861655774,1.663564658704314,0.007693661270648189
2025-10-09 15:31:27.314189911,4.7839235715266835,0.9426127548906964,1.3142934550791918,0.005097700721448217
2025-10-09 15:31:27.439189911,4.787979511176238,0.9434119274505367,1.4816107899006408,0.006216305947691292
2025-10-09 15:31:27.564280033,4.788596893680358,0.9435335750091418,1.6976355568604826,0.0069277208079187025
2025-10-09 15:31:27.689069986,4.779312473678642,0.9417041952992592,1.6141051223015186,0.005111487975604456
2025-10-09 15:31:27.814160109,4.764109713684391,0.93870868016072,1.3462793014222567,0.003540642040932185
2025-10-09 15:31:27.939049959,4.750977371462147,0.936121115143178,1.2375845929842533,0.0033364614820430294
2025-10-09 15:31:28.064150095,4.744885097192041,0.9349207081242461,1.456597827727338,0.00447010551221827
2025-10-09 15:31:28.189039946,4.746490814370038,0.9352370947617199,1.8377413570151815,0.00741313327395321
2025-10-09 15:31:28.314229965,4.750140878185132,0.935956294526689,2.0838120955546833,0.01060231821094848
2025-10-09 15:31:28.439019918,4.745523290201426,0.935046456134584,2.0775176816049004,0.010443719759199221
2025-10-09 15:31:28.564110041,4.726767900779884,0.9313509394676978,1.8049776299325706,0.0069241096754808495
2025-10-09 15:31:28.688999891,4.702261204140113,0.9265221991068827,1.3377364551857738,0.0036278853344487993
2025-10-09 15:31:28.813999891,4.683080694951005,0.9227429178669899,1.0275855434867698,0.0022296596796369528
2025-10-09 15:31:28.938889980,4.677506703675008,0.92164463207838,1.2848868327129048,0.002467544240838282
2025-10-09 15:31:29.063879966,4.687876724333928,0.9236879159217417,1.5924546531681834,0.00350037053110841
2025-10-09 15:31:29.188770056,4.711413589499556,0.9283255630295075,1.6182848480805225,0.004352622132707595
2025-10-09 15:31:29.313770056,4.739303200928754,0.9338208647560186,1.3997346038028067,0.004437846517235444
2025-10-09 15:31:29.438659906,4.7618094338719565,0.9382554385780317,1.2493166460445486,0.005118823488114765
2025-10-09 15:31:29.563750029,4.772402361577582,0.9403426434879067,1.244629833197405,0.006503931382710104
2025-10-09 15:31:29.688640118,4.767754821158082,0.9394269033401409,1.2149876268361748,0.006736712694011993
2025-10-09 15:31:29.813630104,4.750530861767203,0.9360331359505041,1.0141873652506226,0.004725987178761826
2025-10-09 15:31:29.938620090,4.7334678589998616,0.9326710830655124,0.9518957424366389,0.003790393053885621
2025-10-09 15:31:30.063620090,4.731877753362976,0.9323577724884219,0.5623104677965995,0.0013739825204530653
2025-10-09 15:31:30.188509941,4.74973869058275,0.9358770484521656,0.561814962585493,0.00125014347180874
2025-10-09 15:31:30.313499928,4.762194703300896,0.9383313511364909,0.5622654218683191,0.001132576081735115
2025-10-09 15:31:30.438390017,4.77064091902076,0.9399955730976209,0.5618160351075896,0.0010162872411297874
2025-10-09 15:31:30.563580036,4.775973836886129,0.9410463583632135,0.5631652679118673,0.0009129889197736496
2025-10-09 15:31:30.688580036,4.7788574787050475,0.9416145441877586,0.5623104677966075,0.0008104636086079253
2025-10-09 15:31:30.813570023,4.779765140248632,0.941793387627733,0.5622654218683129,0.0007194015131548603
2025-10-09 15:31:30.938460112,4.77907646324904,0.941657692373804,0.5618160351075911,0.0006363127476325392
2025-10-09 15:31:31.063549995,4.77708521550708,0.9412653417244563,0.5627148086290477,0.0005647123066274684
2025-10-09 15:31:31.188440084,4.774016198871253,0.9406606300933757,0.5618160351075887,0.000497605707196147
2025-10-09 15:31:31.313630104,4.770063934529287,0.9398818854659302,0.5631652679118765,0.0004418891822409732
2025-10-09 15:31:31.438529968,4.765361144716139,0.9389552591109801,0.5618600085137705,0.0003888288012514618
2025-10-09 15:31:31.563620090,4.760050974844749,0.9379089560552204,0.5627158811511412,0.00034502279257586643
2025-10-09 15:31:31.688509941,4.754212442229593,0.9367585456795935,0.5618149625854951,0.0003045396233155584
2025-10-09 15:31:31.813600063,4.747943955907524,0.9355234182632174,0.5627158811511452,0.00027086434656709013
2025-10-09 15:31:31.938489914,4.741290427771839,0.9342124231371561,0.5618149625854895,0.00023971175128023603
2025-10-09 15:31:32.063580036,4.734325031749863,0.9328399783154502,0.5627158811511402,0.00021384154455872384
2025-10-09 15:31:32.188469887,4.727065827712458,0.9314096422714677,2.824082388770023,0.006943920452621044
2025-10-09 15:31:32.313570023,4.68961732982974,0.9240308806278148,3.361668969899773,0.0072409843045566635
2025-10-09 15:31:32.438460112,4.64458634913159,0.9151580848699664,3.552401927665984,0.006405428025559878
2025-10-09 15:31:32.563649893,4.604028924788336,0.9071667478596921,3.391208612172952,0.004792127304996674
2025-10-09 15:31:32.688539982,4.57645728219487,0.9017340979451794,2.9567022118334814,0.0032643271157702936
2025-10-09 15:31:32.813529968,4.562849308705385,0.899052815690641,2.491504686499104,0.0024178179112820386
2025-10-09 15:31:32.938420057,4.555718494239862,0.8976477772180436,2.3683538226037935,0.002565845539778122
2025-10-09 15:31:33.063620090,4.545247172901355,0.8955845333332576,2.376358730427499,0.002725713676506092
2025-10-09 15:31:33.188509941,4.52633556126689,0.8918582350185675,2.227468401023234,0.0024836298697863413
2025-10-09 15:31:33.313499928,4.5049511291727224,0.8876446981284655,2.703220739263444,0.0037481253326203667
2025-10-09 15:31:33.438489914,4.487912851563077,0.8842875170288738,4.077299228866579,0.008590259268933864
2025-10-09 15:31:33.563580036,4.472480282821607,0.8812467209294088,5.101078136315205,0.013878649059114179
2025-10-09 15:31:33.688469887,4.448558121565961,0.8765331560099493,4.940538096683396,0.012758170640189248
2025-10-09 15:31:33.813469887,4.414851371464193,0.8698916593186257,3.5696529185901262,0.006186549596391422
2025-10-09 15:31:33.938359976,4.384892098399272,0.8639885564583857,2.4946854794673023,0.0030061420414299045
2025-10-09 15:31:34.063450098,4.369077952076661,0.8608725752332418,3.0741568535435855,0.004531414330747219
2025-10-09 15:31:34.188339949,4.370420037541724,0.8611370165142544,3.942403676175108,0.007555478176000552
2025-10-09 15:31:34.313529968,4.389929579883151,0.8649811296523832,4.444281327431692,0.01044651891148296
2025-10-09 15:31:34.438430071,4.426109353802073,0.8721099049881803,4.757944675160274,0.012955325496017966
2025-10-09 15:31:34.563519955,4.465296596781232,0.8798312647693041,4.781271711675462,0.013172697400489874
2025-10-09 15:31:34.688410044,4.491811032465692,0.885055605185956,4.134071237809165,0.009547961632919821
2025-10-09 15:31:34.813499928,4.503096990261134,0.887279363072152,2.8740481881419457,0.00460780090035362
2025-10-09 15:31:34.938390017,4.509348688831842,0.8885111826705161,2.1701056569939174,0.0018203350393616313
2025-10-09 15:31:35.063380003,4.525115029487191,0.8916177443823581,3.026916997418826,0.0033095280935473426
2025-10-09 15:31:35.188280106,4.555334429436472,0.8975721020160954,3.5960287239129496,0.007588713477445941
2025-10-09 15:31:35.313369989,4.587690406227875,0.9039474455943354,3.1064258920733967,0.007894603945976408
2025-10-09 15:31:35.438260078,4.60247243644079,0.9068600611521601,2.933131300020168,0.004301290074853026
2025-10-09 15:31:35.563349962,4.590577327344806,0.9045162775638466,5.17171971584269,0.006853074252259894
2025-10-09 15:31:35.688240051,4.550815203072764,0.8966816445602063,7.5900217516432065,0.009931868251560783
2025-10-09 15:31:35.813329935,4.486728421836145,0.884054139854012,8.29433074492415,0.007580991794937986
2025-10-09 15:31:35.938230038,4.414166403309337,0.8697566948465123,6.727547278914359,0.0038518867996529815
2025-10-09 15:31:36.063319921,4.35276353082431,0.8576580210433181,3.625464123205193,0.0016820891286277728
2025-10-09 15:31:36.188210011,4.317112034131739,0.8506333361772435,3.0127955766940113,0.0012169082137442055
2025-10-09 15:31:36.313299894,4.316051368367668,0.8504243451549286,6.038053698563553,0.002273006943775413
2025-10-09 15:31:36.438299894,4.351389736374049,0.8573873319003891,7.937627258402854,0.004463654653065419
2025-10-09 15:31:36.563390017,4.415458680242127,0.8700113219745351,7.832086000409214,0.006439438249231433
2025-10-09 15:31:36.688280106,4.490444513087127,0.8847863495055962,5.9616346358481245,0.005664113034473894
2025-10-09 15:31:36.813369989,4.5511765157767785,0.896752836743404,3.2377985263156814,0.0036917442496937625
2025-10-09 15:31:36.938260078,4.5733919227238715,0.9011301069130306,2.9461497095840197,0.008228303564232653
2025-10-09 15:31:37.063349961,4.539254008508626,0.8944036546853699,5.288863502447287,0.010207586434441418
2025-10-09 15:31:37.188149929,4.451175875620466,0.8770489519510947,6.860390549693582,0.005488142029146381
2025-10-09 15:31:37.313240051,4.34563183488744,0.8562528088877337,6.739640180377658,0.002044584177224973
2025-10-09 15:31:37.438030005,4.258666649253279,0.8391173985943714,4.923372742460396,0.0007418081146842725
2025-10-09 15:31:37.563119888,4.203308139462187,0.8282096914287713,2.1960932752283098,0.0003940325796405464
2025-10-09 15:31:37.687910080,4.1762785278226975,0.822883841985279,1.8435481015435964,0.0005323717111148651
2025-10-09 15:31:37.812999964,4.172161571444498,0.8220726468364858,3.775625188838003,0.0011312658847965062
2025-10-09 15:31:37.937900066,4.187064186507682,0.825009022142185,4.810534104393607,0.002111815500605685
2025-10-09 15:31:38.062989950,4.219732872735958,0.8314459812331656,4.97702023812783,0.003147866148167866
2025-10-09 15:31:38.187880039,4.270725508807825,0.8414934471778404,4.747456793351362,0.003832600846643164
2025-10-09 15:31:38.312969923,4.338374132034627,0.8548227686335402,4.477747573496858,0.004163617819863852
2025-10-09 15:31:38.437959909,4.417663759295979,0.8704458054295123,4.2252059390081795,0.004505941957703485
2025-10-09 15:31:38.563050032,4.500526196747897,0.8867728201227224,3.8367955213296154,0.0053977184700989556
2025-10-09 15:31:38.687849998,4.576303895644992,0.9017038750295786,3.177825212113467,0.007019399306190444
2025-10-09 15:31:38.812939882,4.634460489186658,0.9131629098644253,2.4042199672698423,0.007908596926792688
2025-10-09 15:31:38.937829971,4.670233302907683,0.9202114987449967,1.7891350415748388,0.006747134590732395
2025-10-09 15:31:39.062920093,4.690372866556958,0.9241797497611143,1.4292763365993995,0.004979806597978476
2025-10-09 15:31:39.188009977,4.707325007850334,0.9275199587688319,1.368597568923385,0.00467703206870651
2025-10-09 15:31:39.313100100,4.732437977522275,0.9324681577047108,1.653312519769629,0.007156303193842861
2025-10-09 15:31:39.437890053,4.764410909715691,0.9387680270998131,2.0322300313921158,0.011732588066326266
2025-10-09 15:31:39.562989950,4.786269661773131,0.9430750228507425,2.212927697511828,0.013710394909149382
