Time,v_l2,dt_s
2025-10-05 15:47:51.063610077,1.9743663558696494,0.124989987
2025-10-05 15:47:51.188699961,2.1512021767030642,0.124989987
2025-10-05 15:47:51.313689947,1.9814246584589081,0.124989987
2025-10-05 15:47:51.438770056,1.7123285813972737,0.124989987
2025-10-05 15:47:51.563560009,1.6115090668435592,0.124989987
2025-10-05 15:47:51.688640118,1.8601135283836843,0.124989987
2025-10-05 15:47:51.813529968,1.9012303623054208,0.124989987
2025-10-05 15:47:51.938620090,1.6986655913339739,0.124989987
2025-10-05 15:47:52.063600063,1.545577490410947,0.124989987
2025-10-05 15:47:52.188689947,1.4016372193624145,0.124989987
2025-10-05 15:47:52.313570023,1.3386130400982201,0.124989987
2025-10-05 15:47:52.438659906,1.3368566404442925,0.124989987
2025-10-05 15:47:52.563640118,0.6289465750897354,0.124989987
2025-10-05 15:47:52.688730001,0.6294984878424541,0.124989987
2025-10-05 15:47:52.813610077,0.6284426547502904,0.124989987
2025-10-05 15:47:52.938699961,0.6294984878424552,0.124989987
2025-10-05 15:47:53.063590049,0.6284930467842305,0.124989987
2025-10-05 15:47:53.188669920,0.6294480958085158,0.124989987
2025-10-05 15:47:53.313560009,0.6284930467842357,0.124989987
2025-10-05 15:47:53.438750029,0.6300024081818969,0.124989987
2025-10-05 15:47:53.563529968,0.6279387344108496,0.124989987
2025-10-05 15:47:53.688620090,0.629499687652786,0.124989987
2025-10-05 15:47:53.813509941,0.628491846973906,0.124989987
2025-10-05 15:47:53.938590050,0.6294492956188469,0.124989987
2025-10-05 15:47:54.063580036,0.6289957673133434,0.124989987
2025-10-05 15:47:54.188659906,0.6294480958085076,0.124989987
2025-10-05 15:47:54.313549995,0.6284930467842342,0.124989987
2025-10-05 15:47:54.438640118,0.629499687652796,0.124989987
2025-10-05 15:47:54.563519955,0.6284414549399532,0.124989987
2025-10-05 15:47:54.688610077,0.6294996876527823,0.124989987
2025-10-05 15:47:54.813499928,0.6284918469739105,0.124989987
2025-10-05 15:47:54.938580036,0.6294492956188381,0.124989987
2025-10-05 15:47:55.063469887,0.6284918469739014,0.124989987
2025-10-05 15:47:55.188549995,0.6294492956188523,0.124989987
2025-10-05 15:47:55.313440084,0.6284930467842278,0.124989987
2025-10-05 15:47:55.438529968,0.6294984878424599,0.124989987
2025-10-05 15:47:55.563410044,0.6284426547502882,0.124989987
2025-10-05 15:47:55.688499928,0.6294984878424584,0.124989987
2025-10-05 15:47:55.813689947,0.6300024081818918,0.124989987
2025-10-05 15:47:55.938770056,0.629449295618846,0.124989987
2025-10-05 15:47:56.063460112,0.6274864059156808,0.124989987
2025-10-05 15:47:56.188549995,0.629498487842457,0.124989987
2025-10-05 15:47:56.313430071,0.6284426547502766,0.124989987
2025-10-05 15:47:56.438519955,0.6294984878424783,0.124989987
2025-10-05 15:47:56.563400030,0.6284426547502968,0.124989987
2025-10-05 15:47:56.688489914,0.6294984878424291,0.124989987
2025-10-05 15:47:56.813369989,0.6284426547502981,0.124989987
2025-10-05 15:47:56.938460112,0.6294996876528011,0.124989987
2025-10-05 15:47:57.063250064,0.6279891264447742,0.124989987
2025-10-05 15:47:57.188339949,0.6294984878424809,0.124989987
2025-10-05 15:47:57.313119888,0.627938734410815,0.124989987
2025-10-05 15:47:57.438210011,0.629499687652799,0.124989987
2025-10-05 15:47:57.563090086,0.628442654750297,0.124989987
2025-10-05 15:47:57.688189983,0.6295488798763902,0.124989987
2025-10-05 15:47:57.813280106,0.6294996876527958,0.124989987
2025-10-05 15:47:57.938100100,0.6281403025466046,0.124989987
2025-10-05 15:47:58.062910079,0.6280899105126959,0.124989987
2025-10-05 15:47:58.187999964,0.6294984878424779,0.124989987
2025-10-05 15:47:58.312890053,0.628493046784201,0.124989987
2025-10-05 15:47:58.438090086,0.6300528002158695,0.124989987
2025-10-05 15:47:58.562979937,0.6284918469738847,0.124989987
2025-10-05 15:47:58.688060045,0.6294492956188358,0.124989987
2025-10-05 15:47:58.812849998,0.627989126444824,0.124989987
2025-10-05 15:47:58.937849998,0.6290461593472815,0.124989987
2025-10-05 15:47:59.062829971,0.6289453752794124,0.124989987
2025-10-05 15:47:59.187920094,0.6294996876527525,0.124989987
2025-10-05 15:47:59.313009977,0.6294984878424631,0.124989987
2025-10-05 15:47:59.438090086,0.6294492956188473,0.124989987
2025-10-05 15:47:59.562880039,3.341620304422092,0.124989987
2025-10-05 15:47:59.688070059,2.853248099249519,0.124989987
2025-10-05 15:47:59.812949896,4.678677378315479,0.124989987
2025-10-05 15:47:59.938139915,6.366549597211664,0.124989987
2025-10-05 15:48:00.062930107,6.858906928606482,0.124989987
2025-10-05 15:48:00.188420057,5.952192200039663,0.124989987
2025-10-05 15:48:00.313100100,4.309497628140199,0.124989987
2025-10-05 15:48:00.438189983,2.894558886217035,0.124989987
2025-10-05 15:48:00.562979937,2.9459917547152106,0.124989987
2025-10-05 15:48:00.688070059,4.031019056867257,0.124989987
2025-10-05 15:48:00.812849998,4.664552213306225,0.124989987
2025-10-05 15:48:00.937939882,4.437196450104615,0.124989987
2025-10-05 15:48:01.062829971,3.5385926298309616,0.124989987
2025-10-05 15:48:01.188119888,2.4319648206524285,0.124989987
2025-10-05 15:48:01.312999964,1.8879022473716693,0.124989987
2025-10-05 15:48:01.438189983,2.491653687159193,0.124989987
2025-10-05 15:48:01.562969923,3.3286065867213868,0.124989987
2025-10-05 15:48:01.687959909,3.571558248001143,0.124989987
2025-10-05 15:48:01.812849998,3.226666516231264,0.124989987
2025-10-05 15:48:01.937930107,2.9603665272286808,0.124989987
2025-10-05 15:48:02.062720059,3.409629725217975,0.124989987
2025-10-05 15:48:02.187799931,3.9166699606741178,0.124989987
2025-10-05 15:48:02.312690020,3.80620887149996,0.124989987
2025-10-05 15:48:02.437880039,3.1609478885617524,0.124989987
2025-10-05 15:48:02.562760115,2.840365727108571,0.124989987
2025-10-05 15:48:02.688050032,3.3121286414002697,0.124989987
2025-10-05 15:48:02.812939882,4.06275428085357,0.124989987
2025-10-05 15:48:02.938129902,4.736794176593806,0.124989987
2025-10-05 15:48:03.063019991,4.989829905982668,0.124989987
2025-10-05 15:48:03.188009977,4.535323595635156,0.124989987
2025-10-05 15:48:03.312890053,3.6231697453427434,0.124989987
2025-10-05 15:48:03.437880039,3.481687661397702,0.124989987
2025-10-05 15:48:03.562870026,4.57189754230604,0.124989987
2025-10-05 15:48:03.687959909,5.6381619309944435,0.124989987
2025-10-05 15:48:03.812849998,6.038929269328877,0.124989987
2025-10-05 15:48:03.937930107,5.839923190563468,0.124989987
2025-10-05 15:48:04.062819957,5.435026777869821,0.124989987
2025-10-05 15:48:04.187910080,4.982101667721967,0.124989987
2025-10-05 15:48:04.312900066,4.321066770041861,0.124989987
2025-10-05 15:48:04.437779903,3.6555177629902165,0.124989987
2025-10-05 15:48:04.562669992,3.8572846807396783,0.124989987
2025-10-05 15:48:04.687760115,5.387699434877932,0.124989987
2025-10-05 15:48:04.812839985,7.6039826189218775,0.124989987
2025-10-05 15:48:04.937829971,9.358832233461982,0.124989987
2025-10-05 15:48:05.062720059,9.390031805480639,0.124989987
2025-10-05 15:48:05.187910080,7.272524619473007,0.124989987
2025-10-05 15:48:05.312789917,4.071297244526123,0.124989987
2025-10-05 15:48:05.437779903,4.808696437824704,0.124989987
2025-10-05 15:48:05.562669992,7.707343686379699,0.124989987
2025-10-05 15:48:05.687649965,8.625118660774065,0.124989987
2025-10-05 15:48:05.812540054,7.4234993147026005,0.124989987
2025-10-05 15:48:05.937629938,5.459147290464143,0.124989987
2025-10-05 15:48:06.062720059,4.3670125890998985,0.124989987
2025-10-05 15:48:06.187700033,4.43656563606637,0.124989987
2025-10-05 15:48:06.312589884,4.677072635592268,0.124989987
2025-10-05 15:48:06.437669992,4.3383733478018005,0.124989987
2025-10-05 15:48:06.562659979,3.5390664348757284,0.124989987
2025-10-05 15:48:06.687750101,4.8626154290636645,0.124989987
2025-10-05 15:48:06.812639952,8.975494245551998,0.124989987
2025-10-05 15:48:06.937619925,12.740717896553043,0.124989987
2025-10-05 15:48:07.062710047,14.03441835210647,0.124989987
2025-10-05 15:48:07.187599897,11.637476103998237,0.124989987
2025-10-05 15:48:07.312580109,7.590422133371241,0.124989987
2025-10-05 15:48:07.437680006,7.364585177294851,0.124989987
2025-10-05 15:48:07.562560081,11.160865419618364,0.124989987
2025-10-05 15:48:07.687649965,13.289892983944002,0.124989987
2025-10-05 15:48:07.812750101,12.682691420352779,0.124989987
2025-10-05 15:48:07.937949896,10.561188350185313,0.124989987
2025-10-05 15:48:08.062839985,8.557216967050735,0.124989987
2025-10-05 15:48:08.187629938,6.958111906388257,0.124989987
2025-10-05 15:48:08.312710047,4.817905876205034,0.124989987
2025-10-05 15:48:08.437599897,3.3298210382879443,0.124989987
2025-10-05 15:48:08.562789917,4.951096477525257,0.124989987
2025-10-05 15:48:08.687580109,6.925434935625703,0.124989987
2025-10-05 15:48:08.812560081,7.378731154659587,0.124989987
2025-10-05 15:48:08.937449932,6.361797991304582,0.124989987
2025-10-05 15:48:09.062639952,4.74394870437624,0.124989987
2025-10-05 15:48:09.187520027,0.41321627781122466,0.124989987
2025-10-05 15:48:09.312410116,0.41324941179501085,0.124989987
2025-10-05 15:48:09.437289953,0.413215488906889,0.124989987
2025-10-05 15:48:09.562180042,0.4132494117950022,0.124989987
2025-10-05 15:48:09.687269926,0.4139105136608217,0.124989987
2025-10-05 15:48:09.812150002,0.4132162778112696,0.124989987
2025-10-05 15:48:09.937340021,0.41424185349815135,0.124989987
2025-10-05 15:48:10.062319994,0.41354682874420085,0.124989987
2025-10-05 15:48:10.187309980,0.4135799627278796,0.124989987
2025-10-05 15:48:10.312190056,0.41321627781126496,0.124989987
2025-10-05 15:48:10.437289953,0.41394364764457675,0.124989987
2025-10-05 15:48:10.562170029,0.4132162778112587,0.124989987
2025-10-05 15:48:10.687259912,0.41391051366082376,0.124989987
2025-10-05 15:48:10.812150002,0.4132494117949739,0.124989987
2025-10-05 15:48:10.937230110,0.4138781685815033,0.124989987
2025-10-05 15:48:11.062119961,0.413248622890626,0.124989987
2025-10-05 15:48:11.187410116,0.41457319333544274,0.124989987
2025-10-05 15:48:11.312099934,0.412586732120401,0.124989987
2025-10-05 15:48:11.437180042,0.4138781685814609,0.124989987
2025-10-05 15:48:11.562269926,0.4139105136608675,0.124989987
2025-10-05 15:48:11.687459946,0.4142418534981042,0.124989987
2025-10-05 15:48:11.812150002,0.4125875210247669,0.124989987
2025-10-05 15:48:11.937239885,0.41391051366086984,0.124989987
2025-10-05 15:48:12.062119961,0.41321627781123965,0.124989987
2025-10-05 15:48:12.187210083,0.4139113025652044,0.124989987
2025-10-05 15:48:12.312299967,0.4139105136608554,0.124989987
2025-10-05 15:48:12.437289953,0.4135799627279191,0.124989987
2025-10-05 15:48:12.562170029,0.41321627781125664,0.124989987
2025-10-05 15:48:12.687259912,0.4139105136608412,0.124989987
2025-10-05 15:48:12.812150002,0.41324941179498603,0.124989987
2025-10-05 15:48:12.937230110,0.41387816858148124,0.124989987
2025-10-05 15:48:13.062119961,0.4132486228906165,0.124989987
2025-10-05 15:48:13.187109947,0.41357996272791564,0.124989987
2025-10-05 15:48:13.311990023,0.4132162778112555,0.124989987
2025-10-05 15:48:13.436980009,4.52202765075436,0.124989987
2025-10-05 15:48:13.561870098,3.152407104215127,0.124989987
2025-10-05 15:48:13.686850071,2.6175543258478897,0.124989987
2025-10-05 15:48:13.811840057,2.0002239978594893,0.124989987
2025-10-05 15:48:13.936830044,2.3516291777378506,0.124989987
2025-10-05 15:48:14.061820030,3.976280095276111,0.124989987
2025-10-05 15:48:14.186909914,5.1219055523826285,0.124989987
2025-10-05 15:48:14.311800003,5.124651187895426,0.124989987
2025-10-05 15:48:14.436889887,4.05617035753628,0.124989987
2025-10-05 15:48:14.561779976,2.511007536567742,0.124989987
2025-10-05 15:48:14.686860085,2.064108420281746,0.124989987
2025-10-05 15:48:14.811749935,3.1078278828159065,0.124989987
2025-10-05 15:48:14.936840057,3.855355778748052,0.124989987
2025-10-05 15:48:15.061830044,3.8538889904741676,0.124989987
2025-10-05 15:48:15.186909914,3.201348015152211,0.124989987
2025-10-05 15:48:15.311800003,2.389835786634303,0.124989987
2025-10-05 15:48:15.436889887,2.0637994386100122,0.124989987
2025-10-05 15:48:15.561769962,2.1981218223513,0.124989987
2025-10-05 15:48:15.686860085,2.4381752813899573,0.124989987
2025-10-05 15:48:15.811749935,2.8729698455251835,0.124989987
2025-10-05 15:48:15.936830044,3.2917285489201564,0.124989987
2025-10-05 15:48:16.061820030,3.1405503830147348,0.124989987
2025-10-05 15:48:16.186810017,0.6892919390103033,0.124989987
2025-10-05 15:48:16.311789989,7.362333523035442,0.124989987
2025-10-05 15:48:16.436880112,0.8960095429047514,0.124989987
2025-10-05 15:48:16.561860085,0.8952205525588516,0.124989987
2025-10-05 15:48:16.686749935,0.8945750150031109,0.124989987
2025-10-05 15:48:16.811739922,0.8952922789539314,0.124989987
2025-10-05 15:48:16.936719894,0.8952205525588435,0.124989987
2025-10-05 15:48:17.061709881,0.8952922789539338,0.124989987
2025-10-05 15:48:17.186800003,0.896009542904751,0.124989987
2025-10-05 15:48:17.311779976,0.8952205525588485,0.124989987
2025-10-05 15:48:17.436670065,0.8945767227744199,0.124989987
2025-10-05 15:48:17.561650038,0.8952205525588495,0.124989987
2025-10-05 15:48:17.686640024,0.8952922789539394,0.124989987
2025-10-05 15:48:17.811729908,0.8960078351334314,0.124989987
2025-10-05 15:48:17.936619997,0.8945767227744217,0.124989987
2025-10-05 15:48:18.061599970,0.8952205525588542,0.124989987
2025-10-05 15:48:18.186589956,0.8952922789539313,0.124989987
2025-10-05 15:48:18.311579943,0.8952922789539313,0.124989987
2025-10-05 15:48:18.436559916,0.8952205525588448,0.124989987
2025-10-05 15:48:18.561549902,0.8952922789539468,0.124989987
2025-10-05 15:48:18.686640024,0.8960095429047389,0.124989987
2025-10-05 15:48:18.811630011,0.895292278953944,0.124989987
2025-10-05 15:48:18.936609983,0.8952205525588469,0.124989987
2025-10-05 15:48:19.061599970,0.8952922789539002,0.124989987
2025-10-05 15:48:19.186589956,0.8952922789539417,0.124989987
2025-10-05 15:48:19.311569929,0.8952205525588462,0.124989987
2025-10-05 15:48:19.436559916,0.8952922789539621,0.124989987
2025-10-05 15:48:19.561549902,0.8952922789539346,0.124989987
2025-10-05 15:48:19.686530113,0.895222260330147,0.124989987
2025-10-05 15:48:19.811520100,0.8952922789539219,0.124989987
2025-10-05 15:48:19.936409950,0.8945750150031017,0.124989987
2025-10-05 15:48:20.061399937,0.8952922789539389,0.124989987
2025-10-05 15:48:20.186379910,0.8952205525588606,0.124989987
2025-10-05 15:48:20.311369896,0.8952922789539159,0.124989987
2025-10-05 15:48:20.436359882,0.895292278953967,0.124989987
2025-10-05 15:48:20.561340094,0.8952222603301174,0.124989987
2025-10-05 15:48:20.686330080,0.8952922789539649,0.124989987
2025-10-05 15:48:20.811219931,0.8945750150031049,0.124989987
2025-10-05 15:48:20.936199903,0.8952205525588005,0.124989987
2025-10-05 15:48:21.061290026,0.8960095429047843,0.124989987
2025-10-05 15:48:21.186269999,0.8952205525588729,0.124989987
2025-10-05 15:48:21.311160088,0.8945767227743839,0.124989987
2025-10-05 15:48:21.436150074,0.8952922789539368,0.124989987
2025-10-05 15:48:21.561229944,0.8959361087383617,0.124989987
2025-10-05 15:48:21.686219931,15.067838037193583,0.124989987
2025-10-05 15:48:21.811110020,0.6887410271817798,0.124989987
2025-10-05 15:48:21.936089993,0.6892367163448807,0.124989987
2025-10-05 15:48:22.061280012,0.690395077492697,0.124989987
2025-10-05 15:48:22.186369896,0.6898428508388073,0.124989987
2025-10-05 15:48:22.311249971,0.6886858045164103,0.124989987
2025-10-05 15:48:22.436340094,4.844635826275695,0.124989987
2025-10-05 15:48:22.561219931,3.3686524879847735,0.124989987
2025-10-05 15:48:22.686209917,3.5607038980180588,0.124989987
2025-10-05 15:48:22.811300039,4.481325229979967,0.124989987
2025-10-05 15:48:22.936379910,5.141116710312945,0.124989987
2025-10-05 15:48:23.061269999,5.94840987800908,0.124989987
2025-10-05 15:48:23.186259985,6.761116327405556,0.124989987
2025-10-05 15:48:23.311239958,6.912449735958518,0.124989987
2025-10-05 15:48:23.436229944,6.262896822068842,0.124989987
2025-10-05 15:48:23.561219931,5.758721635847057,0.124989987
2025-10-05 15:48:23.686000109,6.622029130814436,0.124989987
2025-10-05 15:48:23.811089993,8.091347759698502,0.124989987
2025-10-05 15:48:23.936180115,8.85243337469766,0.124989987
2025-10-05 15:48:24.061160088,8.378527384735996,0.124989987
2025-10-05 15:48:24.186150074,6.859792383537055,0.124989987
2025-10-05 15:48:24.311130047,5.077190460769421,0.124989987
2025-10-05 15:48:24.436120033,3.780694021252051,0.124989987
2025-10-05 15:48:24.561110020,3.2389180125511037,0.124989987
2025-10-05 15:48:24.686100006,3.425372500291173,0.124989987
2025-10-05 15:48:24.811180115,4.105816834567758,0.124989987
2025-10-05 15:48:24.936170101,4.648776101339039,0.124989987
2025-10-05 15:48:25.061059952,4.578778292208196,0.124989987
2025-10-05 15:48:25.186039925,4.031802704104951,0.124989987
2025-10-05 15:48:25.311330080,3.3636802788335887,0.124989987
2025-10-05 15:48:25.436219931,3.7060885400562142,0.124989987
2025-10-05 15:48:25.561009884,5.2108087991797385,0.124989987
2025-10-05 15:48:25.685990095,6.5627905498066905,0.124989987
2025-10-05 15:48:25.810980082,6.818402785631691,0.124989987
2025-10-05 15:48:25.935970068,5.487825452287819,0.124989987
2025-10-05 15:48:26.060950041,3.3532136020686183,0.124989987
2025-10-05 15:48:26.185940027,3.246737353454849,0.124989987
2025-10-05 15:48:26.310930014,4.76365144238944,0.124989987
2025-10-05 15:48:26.435810089,5.383474041349693,0.124989987
2025-10-05 15:48:26.560899973,5.063825293013573,0.124989987
2025-10-05 15:48:26.685790062,5.1779941698748555,0.124989987
2025-10-05 15:48:26.810770035,6.105094749011763,0.124989987
2025-10-05 15:48:26.935760021,6.521682039302438,0.124989987
2025-10-05 15:48:27.060750008,6.014805075805366,0.124989987
2025-10-05 15:48:27.185729980,5.457409786327026,0.124989987
2025-10-05 15:48:27.310719967,5.435742285333531,0.124989987
2025-10-05 15:48:27.435800076,5.409246019076134,0.124989987
2025-10-05 15:48:27.560790062,4.769595773725903,0.124989987
2025-10-05 15:48:27.685679913,3.5335089367767276,0.124989987
2025-10-05 15:48:27.810659885,2.617904398996266,0.124989987
2025-10-05 15:48:27.935750008,4.375970531607474,0.124989987
2025-10-05 15:48:28.060729980,7.559316256587231,0.124989987
2025-10-05 15:48:28.185719967,9.890757578463491,0.124989987
2025-10-05 15:48:28.310709953,9.705259900271967,0.124989987
2025-10-05 15:48:28.435790062,6.429502228941521,0.124989987
2025-10-05 15:48:28.560780048,2.144949996715309,0.124989987
2025-10-05 15:48:28.685760021,5.711725709319995,0.124989987
2025-10-05 15:48:28.810750008,9.385216997575922,0.124989987
2025-10-05 15:48:28.935739994,9.961261412707579,0.124989987
2025-10-05 15:48:29.060729980,7.696762532173575,0.124989987
2025-10-05 15:48:29.185909986,4.382649501999675,0.124989987
2025-10-05 15:48:29.310899973,2.462844886048856,0.124989987
2025-10-05 15:48:29.435790062,1.9996455681490155,0.124989987
2025-10-05 15:48:29.560770035,1.5492879327516882,0.124989987
2025-10-05 15:48:29.685760021,2.0216271465950393,0.124989987
2025-10-05 15:48:29.810750008,2.693185401846297,0.124989987
2025-10-05 15:48:29.935739994,2.77684992991357,0.124989987
2025-10-05 15:48:30.060719967,2.267035981579031,0.124989987
2025-10-05 15:48:30.185709953,1.6859346095958172,0.124989987
2025-10-05 15:48:30.310600042,1.6357864081169036,0.124989987
2025-10-05 15:48:30.435590029,1.8684730453744842,0.124989987
2025-10-05 15:48:30.560570002,1.9028107310957127,0.124989987
2025-10-05 15:48:30.685559988,1.663905813425147,0.124989987
2025-10-05 15:48:30.810549974,1.256517586306694,0.124989987
2025-10-05 15:48:30.935529947,1.040922827771108,0.124989987
2025-10-05 15:48:31.060519934,2.587137808327187,0.124989987
2025-10-05 15:48:31.185610056,2.2379220332899155,0.124989987
2025-10-05 15:48:31.310600042,2.2361305559424562,0.124989987
2025-10-05 15:48:31.435580015,2.2359514082077054,0.124989987
2025-10-05 15:48:31.560570002,2.2361305559424554,0.124989987
2025-10-05 15:48:31.685559988,2.23613055594245,0.124989987
2025-10-05 15:48:31.810440063,2.234164196282505,0.124989987
2025-10-05 15:48:31.935430050,2.2361305559424554,0.124989987
2025-10-05 15:48:32.060420036,2.236130555942453,0.124989987
2025-10-05 15:48:32.185400009,2.23595140820773,0.124989987
2025-10-05 15:48:32.310389996,2.2361305559424323,0.124989987
2025-10-05 15:48:32.435379982,2.236130555942481,0.124989987
2025-10-05 15:48:32.560260057,2.2341641962824945,0.124989987
2025-10-05 15:48:32.685250044,2.2361305559424354,0.124989987
2025-10-05 15:48:32.810329914,3.2772592406503334,0.124989987
2025-10-05 15:48:32.935319901,3.964215620733565,0.124989987
2025-10-05 15:48:33.060410023,4.849476067714635,0.124989987
2025-10-05 15:48:33.185400009,5.243118802901667,0.124989987
2025-10-05 15:48:33.310280085,5.238623071657666,0.124989987
2025-10-05 15:48:33.435270071,4.995440117217801,0.124989987
2025-10-05 15:48:33.560260057,4.760761702399522,0.124989987
2025-10-05 15:48:33.685240030,5.219670458355775,0.124989987
2025-10-05 15:48:33.810230017,6.261425861216516,0.124989987
2025-10-05 15:48:33.935319901,7.1309813769885135,0.124989987
2025-10-05 15:48:34.060300112,7.103789849199651,0.124989987
2025-10-05 15:48:34.185290098,6.017682974920664,0.124989987
2025-10-05 15:48:34.310280085,4.771182134446347,0.124989987
2025-10-05 15:48:34.435270071,4.814194662901469,0.124989987
2025-10-05 15:48:34.560250044,5.631497059251918,0.124989987
2025-10-05 15:48:34.685240030,5.922122308273868,0.124989987
2025-10-05 15:48:34.810319901,5.673326457038233,0.124989987
2025-10-05 15:48:34.935309887,5.580108251978272,0.124989987
2025-10-05 15:48:35.060300112,5.603734421048431,0.124989987
2025-10-05 15:48:35.185280085,5.199756867257258,0.124989987
2025-10-05 15:48:35.310270071,4.3514277330564735,0.124989987
2025-10-05 15:48:35.435260057,3.45085110802741,0.124989987
2025-10-05 15:48:35.560250044,2.891398020379588,0.124989987
2025-10-05 15:48:35.685230017,2.9821288450710846,0.124989987
2025-10-05 15:48:35.810120106,3.3288455586706034,0.124989987
2025-10-05 15:48:35.935110092,3.515844362230786,0.124989987
2025-10-05 15:48:36.060199976,3.474654447168092,0.124989987
2025-10-05 15:48:36.185189962,3.4681233408925927,0.124989987
2025-10-05 15:48:36.310179949,3.7826402561808603,0.124989987
2025-10-05 15:48:36.435159922,4.6753845541178745,0.124989987
2025-10-05 15:48:36.560149908,6.209662795982323,0.124989987
2025-10-05 15:48:36.685129881,7.741451305631005,0.124989987
2025-10-05 15:48:36.810220003,8.161562650732701,0.124989987
2025-10-05 15:48:36.935209990,6.694638911516363,0.124989987
2025-10-05 15:48:37.060199976,4.237144375290037,0.124989987
2025-10-05 15:48:37.185179949,5.354289886490925,0.124989987
2025-10-05 15:48:37.310169935,8.404469897632747,0.124989987
2025-10-05 15:48:37.435159922,9.731624537081565,0.124989987
2025-10-05 15:48:37.560139894,8.38009711415005,0.124989987
2025-10-05 15:48:37.685129881,5.371118212981446,0.124989987
2025-10-05 15:48:37.810120106,3.8436841244996955,0.124989987
2025-10-05 15:48:37.935100079,5.260561670189982,0.124989987
2025-10-05 15:48:38.060090065,6.097442486292264,0.124989987
2025-10-05 15:48:38.185179949,5.620169514678006,0.124989987
2025-10-05 15:48:38.310159922,4.440235372795343,0.124989987
2025-10-05 15:48:38.435149908,3.405894899077481,0.124989987
2025-10-05 15:48:38.560139894,3.075974741789828,0.124989987
2025-10-05 15:48:38.685120106,2.958819558725574,0.124989987
2025-10-05 15:48:38.810209990,2.6087748132493154,0.124989987
2025-10-05 15:48:38.935199976,2.6389660810050213,0.124989987
2025-10-05 15:48:39.060090065,3.5889747064128223,0.124989987
2025-10-05 15:48:39.185070038,4.514350438767908,0.124989987
2025-10-05 15:48:39.310060024,4.735960136832658,0.124989987
2025-10-05 15:48:39.434940100,4.172865454150301,0.124989987
2025-10-05 15:48:39.559930086,3.2381855063461082,0.124989987
2025-10-05 15:48:39.684819937,2.4350555866975605,0.124989987
2025-10-05 15:48:39.809799910,2.1563976641424465,0.124989987
2025-10-05 15:48:39.934789896,2.5491567506028345,0.124989987
2025-10-05 15:48:40.059779882,3.1151182972108775,0.124989987
2025-10-05 15:48:40.184659958,3.412693242293541,0.124989987
2025-10-05 15:48:40.309649944,3.100750197649917,0.124989987
2025-10-05 15:48:40.434629917,2.245959535962302,0.124989987
2025-10-05 15:48:40.559619904,1.4721375425020584,0.124989987
2025-10-05 15:48:40.684509993,1.4545085158038782,0.124989987
2025-10-05 15:48:40.809689999,1.816677202507919,0.124989987
2025-10-05 15:48:40.934580088,1.9354419289188192,0.124989987
2025-10-05 15:48:41.059669971,1.7396883134280114,0.124989987
2025-10-05 15:48:41.184649944,1.4760568325525274,0.124989987
2025-10-05 15:48:41.309639931,1.448779575585948,0.124989987
2025-10-05 15:48:41.434520006,1.5248477062828274,0.124989987
2025-10-05 15:48:41.559609890,2.2648617022279747,0.124989987
2025-10-05 15:48:41.684499979,3.6272107223843504,0.124989987
2025-10-05 15:48:41.809580088,4.717564689421651,0.124989987
2025-10-05 15:48:41.934570074,4.918957633234199,0.124989987
2025-10-05 15:48:42.059560061,4.225274182917955,0.124989987
2025-10-05 15:48:42.184540033,3.113092020542599,0.124989987
2025-10-05 15:48:42.309730053,2.711197030198838,0.124989987
2025-10-05 15:48:42.434520006,3.4192691916470985,0.124989987
2025-10-05 15:48:42.559609890,3.9713885973514356,0.124989987
2025-10-05 15:48:42.684489965,3.839252014447606,0.124989987
2025-10-05 15:48:42.809580088,3.173078234959548,0.124989987
2025-10-05 15:48:42.934570074,2.406072887951028,0.124989987
2025-10-05 15:48:43.059659958,2.1438876366752533,0.124989987
2025-10-05 15:48:43.184439898,2.2470960162823483,0.124989987
2025-10-05 15:48:43.309530020,2.161024479415955,0.124989987
2025-10-05 15:48:43.434509993,1.929247251761422,0.124989987
2025-10-05 15:48:43.559499979,1.9652356651992149,0.124989987
2025-10-05 15:48:43.684590101,2.299777322116426,0.124989987
2025-10-05 15:48:43.809570074,2.541294545913755,0.124989987
2025-10-05 15:48:43.934459925,2.404314749057411,0.124989987
2025-10-05 15:48:44.059449911,1.867274913472304,0.124989987
2025-10-05 15:48:44.184439898,1.2196295079502626,0.124989987
2025-10-05 15:48:44.309420109,0.9518969526041146,0.124989987
2025-10-05 15:48:44.434410095,1.3388369170582355,0.124989987
2025-10-05 15:48:44.559600115,2.0609144323520567,0.124989987
2025-10-05 15:48:44.684489965,2.867826564487469,0.124989987
2025-10-05 15:48:44.809479952,3.450931849218991,0.124989987
2025-10-05 15:48:44.934469938,3.516126233227271,0.124989987
2025-10-05 15:48:45.059449911,3.016181489211649,0.124989987
2025-10-05 15:48:45.184340000,2.347166772745175,0.124989987
2025-10-05 15:48:45.309429884,2.259510336535551,0.124989987
2025-10-05 15:48:45.434319973,2.558807131732871,0.124989987
2025-10-05 15:48:45.559309959,2.6674527706662396,0.124989987
2025-10-05 15:48:45.684289932,2.5902074118601,0.124989987
2025-10-05 15:48:45.809279919,2.517178437836897,0.124989987
2025-10-05 15:48:45.934269905,2.333632432160001,0.124989987
2025-10-05 15:48:46.059360027,2.017799317863152,0.124989987
2025-10-05 15:48:46.184240103,1.8833421425771255,0.124989987
2025-10-05 15:48:46.309329987,3.4930765610805037,0.124989987
2025-10-05 15:48:46.434319973,6.46055866355573,0.124989987
2025-10-05 15:48:46.559410095,8.914053430385415,0.124989987
2025-10-05 15:48:46.684400082,10.062852969657762,0.124989987
2025-10-05 15:48:46.809479952,8.6771520123926,0.124989987
2025-10-05 15:48:46.934370041,5.928873616831278,0.124989987
2025-10-05 15:48:47.059360027,3.0403768263637976,0.124989987
2025-10-05 15:48:47.184250116,5.2828042372400095,0.124989987
2025-10-05 15:48:47.309230089,7.988579312783595,0.124989987
2025-10-05 15:48:47.434220076,9.1334220650582,0.124989987
2025-10-05 15:48:47.559210062,8.110325386266446,0.124989987
2025-10-05 15:48:47.684200048,6.5749179001390585,0.124989987
2025-10-05 15:48:47.809180021,4.457874200002508,0.124989987
2025-10-05 15:48:47.934170008,2.9478679918023802,0.124989987
2025-10-05 15:48:48.059159994,2.665932731572948,0.124989987
2025-10-05 15:48:48.184149981,3.9891994494508545,0.124989987
2025-10-05 15:48:48.309230089,6.394765179519651,0.124989987
2025-10-05 15:48:48.434220076,9.216055776328721,0.124989987
2025-10-05 15:48:48.559109926,11.473592238261041,0.124989987
2025-10-05 15:48:48.684099913,12.156017308950084,0.124989987
2025-10-05 15:48:48.809180021,10.203454930318456,0.124989987
2025-10-05 15:48:48.934170008,6.178926627203223,0.124989987
2025-10-05 15:48:49.059259892,4.395352385752478,0.124989987
2025-10-05 15:48:49.184240103,8.167317633877785,0.124989987
2025-10-05 15:48:49.309129953,10.559177633439548,0.124989987
2025-10-05 15:48:49.434119940,9.539499352023773,0.124989987
2025-10-05 15:48:49.559210062,6.918498029721553,0.124989987
2025-10-05 15:48:49.684099913,7.047907094067571,0.124989987
2025-10-05 15:48:49.809180021,8.577266902289796,0.124989987
2025-10-05 15:48:49.934170008,7.739671631805772,0.124989987
2025-10-05 15:48:50.059159994,5.746646579451097,0.124989987
2025-10-05 15:48:50.184139967,7.485160021663531,0.124989987
2025-10-05 15:48:50.309129953,11.231550202177258,0.124989987
2025-10-05 15:48:50.434119940,12.989901492520795,0.124989987
2025-10-05 15:48:50.559200048,11.966615945352137,0.124989987
2025-10-05 15:48:50.684190035,9.284876085380139,0.124989987
2025-10-05 15:48:50.809180021,6.638181858197168,0.124989987
2025-10-05 15:48:50.934070110,5.432497129770342,0.124989987
2025-10-05 15:48:51.058949947,4.98788791516339,0.124989987
2025-10-05 15:48:51.183939934,4.847302357478024,0.124989987
2025-10-05 15:48:51.309030056,5.28232550321693,0.124989987
2025-10-05 15:48:51.434010029,6.3257208399052836,0.124989987
2025-10-05 15:48:51.559000015,7.3875897765347665,0.124989987
2025-10-05 15:48:51.683890104,7.72495365212297,0.124989987
2025-10-05 15:48:51.808969975,6.798701403303648,0.124989987
2025-10-05 15:48:51.933959961,4.861703001962481,0.124989987
2025-10-05 15:48:52.059050083,3.060840997935698,0.124989987
2025-10-05 15:48:52.183939934,3.442639300280237,0.124989987
2025-10-05 15:48:52.309020042,4.454426676838558,0.124989987
2025-10-05 15:48:52.433909893,4.538023169433361,0.124989987
2025-10-05 15:48:52.559000015,3.9652066653064875,0.124989987
2025-10-05 15:48:52.683890104,3.6228948255515228,0.124989987
2025-10-05 15:48:52.808969975,3.691630858610867,0.124989987
2025-10-05 15:48:52.933860064,3.615813082228532,0.124989987
2025-10-05 15:48:53.059050083,4.003554583762535,0.124989987
2025-10-05 15:48:53.183939934,5.915942663643638,0.124989987
2025-10-05 15:48:53.308919907,7.924875777216637,0.124989987
2025-10-05 15:48:53.433809996,8.351667410780495,0.124989987
2025-10-05 15:48:53.558789968,6.510249475522809,0.124989987
2025-10-05 15:48:53.683680058,3.3209119225956605,0.124989987
2025-10-05 15:48:53.808670044,3.8101814639741263,0.124989987
2025-10-05 15:48:53.933549881,7.163127695211986,0.124989987
2025-10-05 15:48:54.058540106,8.938746417443053,0.124989987
2025-10-05 15:48:54.183429956,8.524791723219165,0.124989987
2025-10-05 15:48:54.308619976,6.5449844906584,0.124989987
2025-10-05 15:48:54.433510065,3.8457111542510574,0.124989987
2025-10-05 15:48:54.558490038,2.386444247760253,0.124989987
2025-10-05 15:48:54.683379889,4.00413832304155,0.124989987
2025-10-05 15:48:54.808470011,5.879738824227656,0.124989987
2025-10-05 15:48:54.933459997,6.879616833201032,0.124989987
2025-10-05 15:48:55.058540106,6.6288035229460505,0.124989987
2025-10-05 15:48:55.183429956,5.344179776991975,0.124989987
2025-10-05 15:48:55.308520079,3.8256269516726293,0.124989987
2025-10-05 15:48:55.433409929,3.448085057261349,0.124989987
2025-10-05 15:48:55.558500051,4.424338561436614,0.124989987
2025-10-05 15:48:55.683480024,5.521054405265447,0.124989987
2025-10-05 15:48:55.808470011,6.038331663102398,0.124989987
2025-10-05 15:48:55.933459997,5.844296571795189,0.124989987
2025-10-05 15:48:56.058549881,5.117909955604241,0.124989987
2025-10-05 15:48:56.183439970,3.961790945814658,0.124989987
2025-10-05 15:48:56.308419943,3.086999383498481,0.124989987
2025-10-05 15:48:56.433310032,3.28351068068371,0.124989987
2025-10-05 15:48:56.558399916,3.5341432143250793,0.124989987
2025-10-05 15:48:56.683389902,2.9626370460930582,0.124989987
2025-10-05 15:48:56.808470011,2.1881195470995185,0.124989987
2025-10-05 15:48:56.933360100,2.9756995759657934,0.124989987
2025-10-05 15:48:57.058350086,4.43913548097228,0.124989987
2025-10-05 15:48:57.183340073,5.360196142121946,0.124989987
2025-10-05 15:48:57.308429956,5.555588393416039,0.124989987
2025-10-05 15:48:57.433310032,5.304686130536942,0.124989987
2025-10-05 15:48:57.558399916,4.752862084466265,0.124989987
2025-10-05 15:48:57.683389902,3.8801732725102624,0.124989987
2025-10-05 15:48:57.808480024,2.743236343553723,0.124989987
2025-10-05 15:48:57.933470011,1.8001555616882121,0.124989987
2025-10-05 15:48:58.058549881,1.759580898799484,0.124989987
2025-10-05 15:48:58.183439970,2.177415766977221,0.124989987
2025-10-05 15:48:58.308530092,2.357185992053448,0.124989987
2025-10-05 15:48:58.433419943,2.371216863684551,0.124989987
2025-10-05 15:48:58.558399916,2.7830572407756904,0.124989987
2025-10-05 15:48:58.683389902,3.8318362549487945,0.124989987
2025-10-05 15:48:58.808480024,4.939017062087355,0.124989987
2025-10-05 15:48:58.933269978,5.543740043928196,0.124989987
2025-10-05 15:48:59.058350086,5.7339134362639275,0.124989987
2025-10-05 15:48:59.183239937,6.314497998958745,0.124989987
2025-10-05 15:48:59.308330059,8.471482561148727,0.124989987
2025-10-05 15:48:59.433320045,11.529176785069133,0.124989987
2025-10-05 15:48:59.558399916,13.33963490031144,0.124989987
2025-10-05 15:48:59.683290005,12.143684400145698,0.124989987
2025-10-05 15:48:59.808379889,7.7544550220267565,0.124989987
2025-10-05 15:48:59.933269978,4.349345289057885,0.124989987
2025-10-05 15:49:00.058350086,8.752443780485654,0.124989987
2025-10-05 15:49:00.183239937,12.313387973150242,0.124989987
2025-10-05 15:49:00.308330059,12.051162311586381,0.124989987
2025-10-05 15:49:00.433219910,8.635052872301188,0.124989987
2025-10-05 15:49:00.558300018,4.485137177906936,0.124989987
2025-10-05 15:49:00.683190107,2.3940453666014765,0.124989987
2025-10-05 15:49:00.808279991,2.4992439727039457,0.124989987
2025-10-05 15:49:00.933069944,2.9098666185792776,0.124989987
2025-10-05 15:49:01.058259964,2.965057462597648,0.124989987
2025-10-05 15:49:01.183140039,2.7359476660670983,0.124989987
2025-10-05 15:49:01.308229923,3.0630499850412165,0.124989987
2025-10-05 15:49:01.433020115,3.276920851207884,0.124989987
2025-10-05 15:49:01.558109999,2.6553400400425176,0.124989987
2025-10-05 15:49:01.682899952,2.1959912684407468,0.124989987
2025-10-05 15:49:01.807980061,3.457783951792246,0.124989987
2025-10-05 15:49:01.932970047,4.426842723910576,0.124989987
2025-10-05 15:49:02.058059931,4.256281833097287,0.124989987
2025-10-05 15:49:02.182950020,4.263313398979718,0.124989987
2025-10-05 15:49:02.308039904,5.56537913339855,0.124989987
2025-10-05 15:49:02.432919979,6.577033868202672,0.124989987
2025-10-05 15:49:02.558010101,6.208712617449291,0.124989987
2025-10-05 15:49:02.682899952,4.880821239106693,0.124989987
2025-10-05 15:49:02.807990074,4.328040527913528,0.124989987
2025-10-05 15:49:02.932879925,5.3715642222047375,0.124989987
2025-10-05 15:49:03.057960033,6.320616439362542,0.124989987
2025-10-05 15:49:03.182849884,6.101806278241222,0.124989987
2025-10-05 15:49:03.307940006,5.058349752843214,0.124989987
2025-10-05 15:49:03.432929993,4.5562559254868455,0.124989987
2025-10-05 15:49:03.558010101,5.282318132123814,0.124989987
2025-10-05 15:49:03.682899952,6.709207198515037,0.124989987
2025-10-05 15:49:03.807990074,8.416849282324295,0.124989987
2025-10-05 15:49:03.932879925,9.619161096552805,0.124989987
2025-10-05 15:49:04.057960033,9.196558212338843,0.124989987
2025-10-05 15:49:04.182849884,6.741179570851677,0.124989987
2025-10-05 15:49:04.307940006,4.212707540451865,0.124989987
2025-10-05 15:49:04.432830095,5.931615869889587,0.124989987
2025-10-05 15:49:04.557919979,8.473637573787189,0.124989987
2025-10-05 15:49:04.682800055,8.797460975938566,0.124989987
2025-10-05 15:49:04.807889938,7.12305779271866,0.124989987
2025-10-05 15:49:04.932780027,6.9745240286552885,0.124989987
2025-10-05 15:49:05.057970047,10.43126082812495,0.124989987
2025-10-05 15:49:05.182849884,13.927119298679392,0.124989987
2025-10-05 15:49:05.307940006,15.151498341285327,0.124989987
2025-10-05 15:49:05.432830095,13.350552223320388,0.124989987
2025-10-05 15:49:05.557909966,9.423755527120015,0.124989987
2025-10-05 15:49:05.682800055,5.912417746075712,0.124989987
2025-10-05 15:49:05.807889938,6.057575310986238,0.124989987
2025-10-05 15:49:05.932770014,7.708869977261453,0.124989987
2025-10-05 15:49:06.057859898,8.69579232502703,0.124989987
2025-10-05 15:49:06.182749987,10.13232873290933,0.124989987
2025-10-05 15:49:06.307840109,12.322620410204562,0.124989987
2025-10-05 15:49:06.432729959,13.930916580376433,0.124989987
2025-10-05 15:49:06.557810068,13.629339011690368,0.124989987
2025-10-05 15:49:06.682699919,11.259358390208876,0.124989987
2025-10-05 15:49:06.807790041,7.897727287479165,0.124989987
2025-10-05 15:49:06.932780027,4.901483364119886,0.124989987
2025-10-05 15:49:07.057869911,3.3383865749056088,0.124989987
2025-10-05 15:49:07.182760000,2.962475839728993,0.124989987
2025-10-05 15:49:07.307849884,2.7425669427129757,0.124989987
2025-10-05 15:49:07.432739973,2.296904097157084,0.124989987
2025-10-05 15:49:07.557830095,2.208501300924,0.124989987
2025-10-05 15:49:07.682709932,2.5164768294166744,0.124989987
2025-10-05 15:49:07.807800055,2.6442178534757685,0.124989987
2025-10-05 15:49:07.932689905,2.5251410830781316,0.124989987
2025-10-05 15:49:08.057780027,2.3835586386197845,0.124989987
2025-10-05 15:49:08.182770014,2.3232264492685597,0.124989987
2025-10-05 15:49:08.307859898,2.1623574735686053,0.124989987
2025-10-05 15:49:08.432749987,1.7990386803165181,0.124989987
2025-10-05 15:49:08.557830095,1.5140552794587787,0.124989987
2025-10-05 15:49:08.682719946,1.6918464164852554,0.124989987
2025-10-05 15:49:08.807709932,2.1107391204462007,0.124989987
2025-10-05 15:49:08.932600021,2.4648299365591124,0.124989987
2025-10-05 15:49:09.057590008,2.508366386521913,0.124989987
2025-10-05 15:49:09.182470083,2.2622908519222285,0.124989987
2025-10-05 15:49:09.307460070,1.9653786720380377,0.124989987
2025-10-05 15:49:09.432349920,2.0984639719313747,0.124989987
2025-10-05 15:49:09.557339907,2.3847458839480153,0.124989987
2025-10-05 15:49:09.682229996,2.3060625406293735,0.124989987
2025-10-05 15:49:09.807410002,1.9207690597463818,0.124989987
2025-10-05 15:49:09.932399988,1.680328272464045,0.124989987
2025-10-05 15:49:10.057389975,1.8756415692253143,0.124989987
2025-10-05 15:49:10.182280064,2.217745679971669,0.124989987
2025-10-05 15:49:10.307369947,2.4775841965987753,0.124989987
2025-10-05 15:49:10.432359934,2.4738006025494457,0.124989987
2025-10-05 15:49:10.557339907,2.408541382292611,0.124989987
2025-10-05 15:49:10.682229996,2.6591377649510752,0.124989987
2025-10-05 15:49:10.807320118,3.1049340611550833,0.124989987
2025-10-05 15:49:10.932209969,3.3455820053425684,0.124989987
2025-10-05 15:49:11.057300091,3.1553729007055566,0.124989987
2025-10-05 15:49:11.182179928,2.6424439810663913,0.124989987
2025-10-05 15:49:11.307270050,2.539948843047631,0.124989987
2025-10-05 15:49:11.432260036,3.252504050170115,0.124989987
2025-10-05 15:49:11.557349920,3.937516166840462,0.124989987
2025-10-05 15:49:11.682329893,3.947338634010515,0.124989987
2025-10-05 15:49:11.807320118,3.187452435707865,0.124989987
2025-10-05 15:49:11.932209969,2.194799725510052,0.124989987
2025-10-05 15:49:12.057300091,1.6389389455785106,0.124989987
2025-10-05 15:49:12.182389975,1.4636481999807878,0.124989987
2025-10-05 15:49:12.307369947,2.1523918473001147,0.124989987
2025-10-05 15:49:12.432260036,3.307922184486509,0.124989987
2025-10-05 15:49:12.557349920,3.998892925816344,0.124989987
2025-10-05 15:49:12.682229996,3.971708943014455,0.124989987
2025-10-05 15:49:12.807320118,3.495258497578255,0.124989987
2025-10-05 15:49:12.932209969,3.395090447982351,0.124989987
2025-10-05 15:49:13.057300091,3.9023788189409547,0.124989987
2025-10-05 15:49:13.182189941,4.302180268471093,0.124989987
2025-10-05 15:49:13.307270050,4.308374352670157,0.124989987
2025-10-05 15:49:13.432159901,4.043846346739699,0.124989987
2025-10-05 15:49:13.557250023,3.6854784086547028,0.124989987
2025-10-05 15:49:13.682140112,3.5556993786282045,0.124989987
2025-10-05 15:49:13.807229996,4.2795726542064925,0.124989987
2025-10-05 15:49:13.932120085,5.337087581110694,0.124989987
2025-10-05 15:49:14.057310104,5.48641820616092,0.124989987
2025-10-05 15:49:14.182199955,4.436921571322734,0.124989987
2025-10-05 15:49:14.307389975,2.9016508400927563,0.124989987
2025-10-05 15:49:14.432179928,2.5276283406958786,0.124989987
2025-10-05 15:49:14.557260036,2.8949341685927856,0.124989987
2025-10-05 15:49:14.682149887,2.6236867130429267,0.124989987
2025-10-05 15:49:14.807240009,2.0965062234553464,0.124989987
2025-10-05 15:49:14.932130098,2.2306565813802446,0.124989987
2025-10-05 15:49:15.057219982,2.943075556475402,0.124989987
2025-10-05 15:49:15.182110071,3.818903400485538,0.124989987
2025-10-05 15:49:15.307100058,5.062318409559201,0.124989987
2025-10-05 15:49:15.431989908,6.781662667515983,0.124989987
2025-10-05 15:49:15.556969881,8.322764553381706,0.124989987
2025-10-05 15:49:15.681859970,8.83125472663109,0.124989987
2025-10-05 15:49:15.806849957,7.958003536134865,0.124989987
2025-10-05 15:49:15.931839943,6.271294369963669,0.124989987
2025-10-05 15:49:16.056829929,5.421057628611228,0.124989987
2025-10-05 15:49:16.181809902,6.297905423863875,0.124989987
2025-10-05 15:49:16.306900024,7.450125103228535,0.124989987
2025-10-05 15:49:16.431890011,7.529678688431135,0.124989987
2025-10-05 15:49:16.556879997,6.333089949827808,0.124989987
2025-10-05 15:49:16.681869984,4.598347368704,0.124989987
2025-10-05 15:49:16.806849957,3.9761098310418945,0.124989987
2025-10-05 15:49:16.931839943,4.77440227990447,0.124989987
2025-10-05 15:49:17.056930065,5.352838310817263,0.124989987
2025-10-05 15:49:17.181819916,4.915658590799914,0.124989987
2025-10-05 15:49:17.306910038,3.71638768815822,0.124989987
2025-10-05 15:49:17.431890011,3.587825274076902,0.124989987
2025-10-05 15:49:17.556979895,5.357891989716105,0.124989987
2025-10-05 15:49:17.681869984,7.070412887587187,0.124989987
2025-10-05 15:49:17.806859970,7.47536519676156,0.124989987
2025-10-05 15:49:17.931849957,6.414033773403053,0.124989987
2025-10-05 15:49:18.056730032,4.657808811344557,0.124989987
2025-10-05 15:49:18.181720018,3.161008639587845,0.124989987
2025-10-05 15:49:18.306809902,2.3649776269144707,0.124989987
2025-10-05 15:49:18.431900024,2.4531269264510143,0.124989987
2025-10-05 15:49:18.556790113,3.12403619273945,0.124989987
2025-10-05 15:49:18.681770086,3.6793143524632415,0.124989987
2025-10-05 15:49:18.806760073,3.5724070968123165,0.124989987
2025-10-05 15:49:18.931750059,3.2204492985703093,0.124989987
2025-10-05 15:49:19.056839943,3.9459503080232783,0.124989987
2025-10-05 15:49:19.181829929,5.281554344434979,0.124989987
2025-10-05 15:49:19.306720018,5.785516700522089,0.124989987
2025-10-05 15:49:19.431710005,4.839712344167162,0.124989987
2025-10-05 15:49:19.556689978,2.9689817974881554,0.124989987
2025-10-05 15:49:19.681679964,2.470092190222057,0.124989987
2025-10-05 15:49:19.806770086,3.951859884293598,0.124989987
2025-10-05 15:49:19.931760073,4.798286122709128,0.124989987
2025-10-05 15:49:20.056750059,4.602616235188091,0.124989987
2025-10-05 15:49:20.181839943,4.095377161502589,0.124989987
2025-10-05 15:49:20.306930065,4.391041290913239,0.124989987
2025-10-05 15:49:20.431920052,5.446679716968127,0.124989987
2025-10-05 15:49:20.556809902,6.082757919966075,0.124989987
2025-10-05 15:49:20.681799889,5.506112621658678,0.124989987
2025-10-05 15:49:20.806790113,3.7165989057713773,0.124989987
2025-10-05 15:49:20.931780100,2.264991118474198,0.124989987
2025-10-05 15:49:21.056760073,3.6569470253673346,0.124989987
2025-10-05 15:49:21.181750059,5.307253748754058,0.124989987
2025-10-05 15:49:21.306740046,5.656113661997078,0.124989987
2025-10-05 15:49:21.431629896,4.654266269275427,0.124989987
2025-10-05 15:49:21.556619883,3.0453023590467994,0.124989987
2025-10-05 15:49:21.681509972,1.9917696360066341,0.124989987
2025-10-05 15:49:21.806489944,2.0712495015813523,0.124989987
2025-10-05 15:49:21.931479931,2.225626077947731,0.124989987
2025-10-05 15:49:22.056469917,2.028502726201274,0.124989987
2025-10-05 15:49:22.181459904,1.6699718105605852,0.124989987
2025-10-05 15:49:22.306449890,1.760829529670888,0.124989987
2025-10-05 15:49:22.431440115,2.7605608668156547,0.124989987
2025-10-05 15:49:22.556420088,4.14466506465058,0.124989987
2025-10-05 15:49:22.681410074,5.55098837992911,0.124989987
2025-10-05 15:49:22.806400061,7.329267623719644,0.124989987
2025-10-05 15:49:22.931289911,9.290891993465053,0.124989987
2025-10-05 15:49:23.056279898,11.465664127661245,0.124989987
2025-10-05 15:49:23.181459904,11.81535962612404,0.124989987
2025-10-05 15:49:23.306550026,10.602997260716142,0.124989987
2025-10-05 15:49:23.431540012,7.833327633923975,0.124989987
2025-10-05 15:49:23.556529999,7.799347424554185,0.124989987
2025-10-05 15:49:23.681519985,10.559122303547298,0.124989987
2025-10-05 15:49:23.806509972,12.446938119427804,0.124989987
2025-10-05 15:49:23.931390047,12.085215654988039,0.124989987
2025-10-05 15:49:24.056380033,10.846885368147532,0.124989987
2025-10-05 15:49:24.181469917,10.167408359920929,0.124989987
2025-10-05 15:49:24.306459904,9.900362394780405,0.124989987
2025-10-05 15:49:24.431349993,8.926831961773617,0.124989987
2025-10-05 15:49:24.556440115,7.156081085996511,0.124989987
2025-10-05 15:49:24.681430101,5.432439868873561,0.124989987
2025-10-05 15:49:24.806420088,4.238267016406824,0.124989987
2025-10-05 15:49:24.931299925,3.5121392660791506,0.124989987
2025-10-05 15:49:25.056289911,3.4001658936309282,0.124989987
2025-10-05 15:49:25.181279898,3.9353921028839047,0.124989987
2025-10-05 15:49:25.306269884,4.545088417359007,0.124989987
2025-10-05 15:49:25.431360006,4.967914644634708,0.124989987
2025-10-05 15:49:25.556349993,5.356677494399117,0.124989987
2025-10-05 15:49:25.681240082,5.648269712498687,0.124989987
2025-10-05 15:49:25.806230068,5.36441533970497,0.124989987
2025-10-05 15:49:25.931220055,4.3238687634989565,0.124989987
2025-10-05 15:49:26.056210041,2.9103995627590384,0.124989987
2025-10-05 15:49:26.181190014,2.626585223284217,0.124989987
2025-10-05 15:49:26.306190014,3.880937574240277,0.124989987
2025-10-05 15:49:26.431169987,4.8899142495995775,0.124989987
2025-10-05 15:49:26.556159973,5.320531980688302,0.124989987
2025-10-05 15:49:26.681149960,5.57252643922844,0.124989987
2025-10-05 15:49:26.806139946,5.671440125151724,0.124989987
2025-10-05 15:49:26.931129932,5.1479959627506515,0.124989987
2025-10-05 15:49:27.056119919,4.1405550680737235,0.124989987
2025-10-05 15:49:27.181109905,3.6550381673938785,0.124989987
2025-10-05 15:49:27.306099892,4.121252535079111,0.124989987
2025-10-05 15:49:27.431180000,4.647011863825399,0.124989987
2025-10-05 15:49:27.556180000,4.871137520252944,0.124989987
2025-10-05 15:49:27.681260109,5.210118291417768,0.124989987
2025-10-05 15:49:27.806149960,5.414823820554183,0.124989987
2025-10-05 15:49:27.931139946,5.212392416934762,0.124989987
2025-10-05 15:49:28.056030035,4.774944655770996,0.124989987
2025-10-05 15:49:28.181010008,4.46567839398607,0.124989987
2025-10-05 15:49:28.305999994,4.199096096842985,0.124989987
2025-10-05 15:49:28.430989981,4.0496972710128585,0.124989987
2025-10-05 15:49:28.555880070,4.209780665576297,0.124989987
2025-10-05 15:49:28.680870056,4.34755797486543,0.124989987
2025-10-05 15:49:28.805860043,4.425408515288165,0.124989987
2025-10-05 15:49:28.930840015,4.703559418018019,0.124989987
2025-10-05 15:49:29.055929899,4.933546443793044,0.124989987
2025-10-05 15:49:29.180919886,4.723619031357631,0.124989987
2025-10-05 15:49:29.306010008,4.22895864250586,0.124989987
2025-10-05 15:49:29.430999994,4.0539887221423045,0.124989987
2025-10-05 15:49:29.555890083,4.455976715676149,0.124989987
2025-10-05 15:49:29.680870056,6.508839805740267,0.124989987
2025-10-05 15:49:29.805860043,10.239932611072788,0.124989987
2025-10-05 15:49:29.930850029,13.578930238470374,0.124989987
2025-10-05 15:49:30.055840015,14.185249321190867,0.124989987
2025-10-05 15:49:30.180830002,10.878732047092205,0.124989987
2025-10-05 15:49:30.305819988,4.581065930812391,0.124989987
2025-10-05 15:49:30.430809975,4.813249012034695,0.124989987
2025-10-05 15:49:30.555999994,10.622443060318092,0.124989987
2025-10-05 15:49:30.680989981,13.617045758400868,0.124989987
2025-10-05 15:49:30.805880070,12.97891339658933,0.124989987
2025-10-05 15:49:30.930870056,9.779258424730527,0.124989987
2025-10-05 15:49:31.055759907,6.284789597176267,0.124989987
2025-10-05 15:49:31.180749893,4.55279077746463,0.124989987
2025-10-05 15:49:31.305840015,4.7087034528315765,0.124989987
2025-10-05 15:49:31.430830002,9.109530138260535,0.124989987
2025-10-05 15:49:31.555819988,13.609309187971995,0.124989987
2025-10-05 15:49:31.680809975,19.214404397029696,0.124989987
2025-10-05 15:49:31.805799961,20.243066691058004,0.124989987
2025-10-05 15:49:31.930789948,14.267905487992483,0.124989987
2025-10-05 15:49:32.055870056,6.510685815469519,0.124989987
2025-10-05 15:49:32.180959940,10.09232916628545,0.124989987
2025-10-05 15:49:32.305749893,18.890926364391586,0.124989987
2025-10-05 15:49:32.430740118,19.507276963529893,0.124989987
2025-10-05 15:49:32.555730104,17.97626743245035,0.124989987
2025-10-05 15:49:32.680720091,3.2364168886607927,0.124989987
2025-10-05 15:49:32.805710077,3.236416888660791,0.124989987
2025-10-05 15:49:32.930700064,3.2364168886607616,0.124989987
2025-10-05 15:49:33.055680037,3.2361576029260113,0.124989987
2025-10-05 15:49:33.180680037,3.236676174395572,0.124989987
2025-10-05 15:49:33.305660009,3.2361576029259975,0.124989987
2025-10-05 15:49:33.430749893,3.2390035725388717,0.124989987
2025-10-05 15:49:33.555740118,3.2364230621306382,0.124989987
2025-10-05 15:49:33.680730104,3.2364168886607905,0.124989987
2025-10-05 15:49:33.805720091,3.2364168886607807,0.124989987
2025-10-05 15:49:33.930710077,3.2364168886607674,0.124989987
2025-10-05 15:49:34.055700064,3.2364168886608553,0.124989987
2025-10-05 15:49:34.180690050,3.2364168886607403,0.124989987
2025-10-05 15:49:34.305769920,3.2387442868040948,0.124989987
2025-10-05 15:49:34.430860043,3.2390097460087035,0.124989987
2025-10-05 15:49:34.555749893,9.786195631799826,0.124989987
2025-10-05 15:49:34.680740118,8.848137184018793,0.124989987
2025-10-05 15:49:34.805730104,7.0336720498258956,0.124989987
2025-10-05 15:49:34.930720091,5.842532859256335,0.124989987
2025-10-05 15:49:35.055710077,5.736165698223248,0.124989987
2025-10-05 15:49:35.180599928,6.081628798037496,0.124989987
2025-10-05 15:49:35.305579901,6.467621457886586,0.124989987
2025-10-05 15:49:35.430469990,6.796846993885254,0.124989987
2025-10-05 15:49:35.555560112,6.77675586036394,0.124989987
2025-10-05 15:49:35.680449963,6.344754399038232,0.124989987
2025-10-05 15:49:35.805439949,5.6462401505701125,0.124989987
2025-10-05 15:49:35.930229902,4.895592674811192,0.124989987
2025-10-05 15:49:36.055219889,4.2706006565454,0.124989987
2025-10-05 15:49:36.180299997,3.6051272916121833,0.124989987
2025-10-05 15:49:36.305289984,3.835746317136601,0.124989987
2025-10-05 15:49:36.430380106,6.324192507582055,0.124989987
2025-10-05 15:49:36.555469990,10.1664799773395,0.124989987
2025-10-05 15:49:36.680360079,13.209753176162943,0.124989987
2025-10-05 15:49:36.805350065,13.816648822234864,0.124989987
2025-10-05 15:49:36.930239916,11.141926706015527,0.124989987
2025-10-05 15:49:37.055229902,6.814529557222641,0.124989987
2025-10-05 15:49:37.180419922,5.513010343593598,0.124989987
2025-10-05 15:49:37.305409908,9.65924916576946,0.124989987
2025-10-05 15:49:37.430299997,12.391109310740383,0.124989987
2025-10-05 15:49:37.555289984,11.334061727667757,0.124989987
2025-10-05 15:49:37.680279970,8.120888879019217,0.124989987
2025-10-05 15:49:37.805269957,8.411265389562619,0.124989987
2025-10-05 15:49:37.930259943,11.736876744482577,0.124989987
2025-10-05 15:49:38.055249929,13.522284706751517,0.124989987
2025-10-05 15:49:38.180140018,13.665682182668416,0.124989987
2025-10-05 15:49:38.305130005,12.456594299857164,0.124989987
2025-10-05 15:49:38.430219889,10.530622425464175,0.124989987
2025-10-05 15:49:38.555310011,10.544426005099423,0.124989987
2025-10-05 15:49:38.680289984,13.238266108069213,0.124989987
2025-10-05 15:49:38.805279970,15.685580438410945,0.124989987
2025-10-05 15:49:38.930170059,15.687742943226281,0.124989987
2025-10-05 15:49:39.055160046,12.6430224190519,0.124989987
2025-10-05 15:49:39.180150032,7.997870680341425,0.124989987
2025-10-05 15:49:39.305140018,5.2431220720551615,0.124989987
2025-10-05 15:49:39.430130005,6.331252039969739,0.124989987
2025-10-05 15:49:39.555119991,6.822560303995781,0.124989987
2025-10-05 15:49:39.680109978,5.546532021521557,0.124989987
2025-10-05 15:49:39.805099964,4.328939105124488,0.124989987
2025-10-05 15:49:39.930079937,4.960019233399404,0.124989987
2025-10-05 15:49:40.055069923,5.777482145184179,0.124989987
2025-10-05 15:49:40.180059910,5.466656129476685,0.124989987
2025-10-05 15:49:40.305049896,4.182296848014018,0.124989987
2025-10-05 15:49:40.430039883,2.9717200474721697,0.124989987
2025-10-05 15:49:40.555030107,2.5956922865332097,0.124989987
2025-10-05 15:49:40.680010080,2.727862432467041,0.124989987
2025-10-05 15:49:40.805000067,3.014652256523627,0.124989987
2025-10-05 15:49:40.929990053,3.311234626410518,0.124989987
2025-10-05 15:49:41.054980040,3.268032512410028,0.124989987
2025-10-05 15:49:41.179970026,3.0556487467343167,0.124989987
2025-10-05 15:49:41.304960012,3.4641631203505705,0.124989987
2025-10-05 15:49:41.429949999,4.314006381545234,0.124989987
2025-10-05 15:49:41.554939985,4.727960609759773,0.124989987
2025-10-05 15:49:41.679929972,4.3265125234277315,0.124989987
2025-10-05 15:49:41.804919958,3.641583366107798,0.124989987
2025-10-05 15:49:41.929909945,3.7010725854607345,0.124989987
2025-10-05 15:49:42.054800034,3.897715611273224,0.124989987
2025-10-05 15:49:42.179790020,3.3763259862782804,0.124989987
2025-10-05 15:49:42.304769993,3.1752460640857425,0.124989987
2025-10-05 15:49:42.429759979,5.384038420435073,0.124989987
2025-10-05 15:49:42.554650068,8.890955718773265,0.124989987
2025-10-05 15:49:42.679640055,11.470658181851903,0.124989987
2025-10-05 15:49:42.804630041,12.282490487936313,0.124989987
2025-10-05 15:49:42.929620028,10.49582573648591,0.124989987
2025-10-05 15:49:43.054709911,6.546691470105263,0.124989987
2025-10-05 15:49:43.179699898,5.285716787793403,0.124989987
2025-10-05 15:49:43.304689884,8.282674496094241,0.124989987
2025-10-05 15:49:43.429680109,10.310866296052335,0.124989987
2025-10-05 15:49:43.554670095,10.634883934379866,0.124989987
2025-10-05 15:49:43.679660082,9.631385514507816,0.124989987
2025-10-05 15:49:43.804650068,8.488599722740553,0.124989987
2025-10-05 15:49:43.929739952,7.438116068971766,0.124989987
2025-10-05 15:49:44.054729939,6.412457296605959,0.124989987
2025-10-05 15:49:44.179719925,5.662081553105625,0.124989987
2025-10-05 15:49:44.304699898,5.30142307914026,0.124989987
2025-10-05 15:49:44.429699898,4.892670557822895,0.124989987
2025-10-05 15:49:44.554680109,4.040994542577483,0.124989987
2025-10-05 15:49:44.679670095,2.834445735398369,0.124989987
2025-10-05 15:49:44.804660082,2.2368401579145076,0.124989987
2025-10-05 15:49:44.929749966,2.6868095536114946,0.124989987
2025-10-05 15:49:45.054739952,2.9682428179170253,0.124989987
2025-10-05 15:49:45.179729939,2.72859378636579,0.124989987
2025-10-05 15:49:45.304719925,2.5313974345412458,0.124989987
2025-10-05 15:49:45.429810047,3.0422577990952706,0.124989987
2025-10-05 15:49:45.554699898,3.624589256407131,0.124989987
2025-10-05 15:49:45.679689884,3.371716259212955,0.124989987
2025-10-05 15:49:45.804680109,2.463767201123719,0.124989987
2025-10-05 15:49:45.929569960,2.257838395938469,0.124989987
2025-10-05 15:49:46.054559946,3.2066128299946035,0.124989987
2025-10-05 15:49:46.179650068,3.7568193147315454,0.124989987
2025-10-05 15:49:46.304640055,3.577815555616723,0.124989987
2025-10-05 15:49:46.429729939,3.272164068113333,0.124989987
2025-10-05 15:49:46.554610014,3.359657388865865,0.124989987
2025-10-05 15:49:46.679600000,4.508303797167732,0.124989987
2025-10-05 15:49:46.804589987,6.132832331440508,0.124989987
2025-10-05 15:49:46.929579973,6.796961267019403,0.124989987
2025-10-05 15:49:47.054470062,5.426534184491515,0.124989987
2025-10-05 15:49:47.179559946,2.970894720565843,0.124989987
2025-10-05 15:49:47.304450035,4.803184226994526,0.124989987
2025-10-05 15:49:47.429539919,8.118586228417298,0.124989987
2025-10-05 15:49:47.554430008,9.49791994744665,0.124989987
2025-10-05 15:49:47.679620028,8.502034905197638,0.124989987
2025-10-05 15:49:47.804500103,5.984638586770633,0.124989987
2025-10-05 15:49:47.929589987,3.4225124267796305,0.124989987
2025-10-05 15:49:48.054480076,2.2577173458444704,0.124989987
2025-10-05 15:49:48.179470062,2.356185547396469,0.124989987
2025-10-05 15:49:48.304359913,2.586362307210651,0.124989987
2025-10-05 15:49:48.429349899,1.147266683130957,0.124989987
2025-10-05 15:49:48.554239988,1.146349738146683,0.124989987
2025-10-05 15:49:48.679330111,1.1481858165280951,0.124989987
2025-10-05 15:49:48.804219961,1.1463475497338278,0.124989987
2025-10-05 15:49:48.929209948,1.1472666831309655,0.124989987
2025-10-05 15:49:49.054100037,1.1463497381466692,0.124989987
2025-10-05 15:49:49.179290056,1.1491027615123885,0.124989987
2025-10-05 15:49:49.304179907,1.1463475497338278,0.124989987
2025-10-05 15:49:49.429270029,1.1481858165280905,0.124989987
2025-10-05 15:49:49.554160118,1.1463497381466852,0.124989987
2025-10-05 15:49:49.679150105,1.1472666831309575,0.124989987
2025-10-05 15:49:49.804140091,1.1472666831309515,0.124989987
2025-10-05 15:49:49.929130077,1.147266683130994,0.124989987
2025-10-05 15:49:50.054120064,1.1472666831309404,0.124989987
2025-10-05 15:49:50.179209948,1.1481836281152478,0.124989987
2025-10-05 15:49:50.304199934,1.1472666831309442,0.124989987
2025-10-05 15:49:50.429290056,1.148185816528097,0.124989987
2025-10-05 15:49:50.554179907,1.1463475497338675,0.124989987
2025-10-05 15:49:50.679270029,1.1481858165280983,0.124989987
2025-10-05 15:49:50.804160118,1.1463497381466672,0.124989987
2025-10-05 15:49:50.929239988,1.148091714775519,0.124989987
2025-10-05 15:49:51.054130077,1.146349738146649,0.124989987
2025-10-05 15:49:51.179219961,1.148183628115274,0.124989987
2025-10-05 15:49:51.304110050,1.1463497381466665,0.124989987
2025-10-05 15:49:51.429199934,1.1481836281152733,0.124989987
2025-10-05 15:49:51.554290056,1.1481858165281,0.124989987
2025-10-05 15:49:51.679280043,1.1472666831309124,0.124989987
2025-10-05 15:49:51.804169893,1.1463475497338391,0.124989987
2025-10-05 15:49:51.929260015,1.1481858165280898,0.124989987
2025-10-05 15:49:52.054049969,1.1454306047496008,0.124989987
2025-10-05 15:49:52.179140091,1.148185816528107,0.124989987
2025-10-05 15:49:52.304029942,1.1463475497338136,0.124989987
2025-10-05 15:49:52.429110050,1.1480939031883814,0.124989987
2025-10-05 15:49:52.553999901,1.146347549733786,0.124989987
2025-10-05 15:49:52.679090023,1.1481858165281138,0.124989987
2025-10-05 15:49:52.804080009,1.147266683130958,0.124989987
2025-10-05 15:49:52.929169893,1.1481836281152922,0.124989987
2025-10-05 15:49:53.054059982,1.146349738146603,0.124989987
2025-10-05 15:49:53.179250002,1.1491027615124065,0.124989987
2025-10-05 15:49:53.304140091,8.011857105061035,0.124989987
2025-10-05 15:49:53.429229975,9.431928246251719,0.124989987
2025-10-05 15:49:53.554019928,8.575224638805503,0.124989987
2025-10-05 15:49:53.679110050,6.795521700799653,0.124989987
2025-10-05 15:49:53.803999901,5.782456623443189,0.124989987
2025-10-05 15:49:53.929090023,5.497489610368355,0.124989987
2025-10-05 15:49:54.053980112,5.135789710614523,0.124989987
2025-10-05 15:49:54.179169893,4.760445211070704,0.124989987
2025-10-05 15:49:54.303960085,4.437872378476762,0.124989987
2025-10-05 15:49:54.429049969,4.409736250864216,0.124989987
2025-10-05 15:49:54.553940058,4.89958255046601,0.124989987
2025-10-05 15:49:54.679029942,5.73326300141961,0.124989987
2025-10-05 15:49:54.803920031,6.174062525472025,0.124989987
2025-10-05 15:49:54.929009914,5.816799144628857,0.124989987
2025-10-05 15:49:55.053800106,4.834361160674696,0.124989987
2025-10-05 15:49:55.178889990,3.5963269157274893,0.124989987
2025-10-05 15:49:55.303780079,2.522486914019179,0.124989987
2025-10-05 15:49:55.428869963,2.141937220409832,0.124989987
2025-10-05 15:49:55.553659916,2.5059034840174905,0.124989987
2025-10-05 15:49:55.678750038,3.038559931719959,0.124989987
2025-10-05 15:49:55.803539991,3.551969133591957,0.124989987
2025-10-05 15:49:55.928630114,3.702802665298544,0.124989987
2025-10-05 15:49:56.053519964,3.20940357741528,0.124989987
2025-10-05 15:49:56.178610086,2.451537999948196,0.124989987
2025-10-05 15:49:56.303600073,2.8047292305743174,0.124989987
2025-10-05 15:49:56.428689957,3.8704392969398187,0.124989987
2025-10-05 15:49:56.553479910,4.444709337348956,0.124989987
2025-10-05 15:49:56.678570032,4.154830601844797,0.124989987
2025-10-05 15:49:56.803560019,3.7818989702119232,0.124989987
2025-10-05 15:49:56.928649902,4.034227301890414,0.124989987
2025-10-05 15:49:57.053740025,4.351899817099883,0.124989987
2025-10-05 15:49:57.178630114,4.345560072818232,0.124989987
2025-10-05 15:49:57.303519964,4.634302799189215,0.124989987
2025-10-05 15:49:57.428709984,5.231645256291179,0.124989987
2025-10-05 15:49:57.553499937,5.607267016677465,0.124989987
2025-10-05 15:49:57.678590059,5.742255565503333,0.124989987
2025-10-05 15:49:57.803479910,5.479576524406151,0.124989987
2025-10-05 15:49:57.928570032,4.8254420182643365,0.124989987
2025-10-05 15:49:58.053459883,4.847400170398046,0.124989987
2025-10-05 15:49:58.178550005,6.716698015069532,0.124989987
2025-10-05 15:49:58.303440094,9.379962899364793,0.124989987
2025-10-05 15:49:58.428630114,11.049642323749897,0.124989987
2025-10-05 15:49:58.553519964,10.28635599742173,0.124989987
2025-10-05 15:49:58.678610086,6.952639505955776,0.124989987
2025-10-05 15:49:58.803499937,5.072943993725833,0.124989987
2025-10-05 15:49:58.928590059,8.641641980563936,0.124989987
2025-10-05 15:49:59.053479910,11.541387679659238,0.124989987
2025-10-05 15:49:59.178570032,11.241328813102259,0.124989987
2025-10-05 15:49:59.303459883,8.264857710674576,0.124989987
2025-10-05 15:49:59.428649902,5.063059061643068,0.124989987
2025-10-05 15:49:59.553639889,3.1975715733379615,0.124989987
2025-10-05 15:49:59.678630114,2.4901704582269053,0.124989987
2025-10-05 15:49:59.803719997,3.430816637342777,0.124989987
2025-10-05 15:49:59.928610086,4.767717881488689,0.124989987
2025-10-05 15:50:00.053499937,5.4191072078454035,0.124989987
2025-10-05 15:50:00.178590059,5.356388014843492,0.124989987
2025-10-05 15:50:00.303479910,5.129265985416041,0.124989987
2025-10-05 15:50:00.428570032,5.269983387468029,0.124989987
2025-10-05 15:50:00.553359985,5.560045743920457,0.124989987
2025-10-05 15:50:00.678349972,5.466147461581603,0.124989987
2025-10-05 15:50:00.803240061,4.937582229002065,0.124989987
2025-10-05 15:50:00.928329945,4.355491497293273,0.124989987
2025-10-05 15:50:01.053220034,4.171840963311402,0.124989987
2025-10-05 15:50:01.178410053,4.331651825693866,0.124989987
2025-10-05 15:50:01.303299904,4.468989963292488,0.124989987
2025-10-05 15:50:01.428390026,4.164472246982083,0.124989987
2025-10-05 15:50:01.553270102,3.3364743349140276,0.124989987
2025-10-05 15:50:01.678459883,2.81085942642584,0.124989987
2025-10-05 15:50:01.803349972,3.395055168542479,0.124989987
2025-10-05 15:50:01.928339958,4.00897617050189,0.124989987
2025-10-05 15:50:02.053230047,3.949189317655714,0.124989987
2025-10-05 15:50:02.178319931,3.513710403627339,0.124989987
2025-10-05 15:50:02.303210020,3.245430568674671,0.124989987
2025-10-05 15:50:02.428400040,3.5965247510220197,0.124989987
2025-10-05 15:50:02.553289890,4.269585369215142,0.124989987
2025-10-05 15:50:02.678580046,4.455576288436659,0.124989987
2025-10-05 15:50:02.803369999,3.722812594583025,0.124989987
2025-10-05 15:50:02.928359985,2.32588493646182,0.124989987
2025-10-05 15:50:03.053359985,2.4777330200513936,0.124989987
2025-10-05 15:50:03.178339958,3.901842883165596,0.124989987
2025-10-05 15:50:03.303240061,4.02016973260085,0.124989987
2025-10-05 15:50:03.428319931,2.6278625246380374,0.124989987
2025-10-05 15:50:03.553220034,2.7306647018861554,0.124989987
2025-10-05 15:50:03.678200006,4.736704266319252,0.124989987
2025-10-05 15:50:03.803100109,5.3184138712854985,0.124989987
2025-10-05 15:50:03.928280115,4.059107908546656,0.124989987
2025-10-05 15:50:04.053179979,3.1925942505542415,0.124989987
2025-10-05 15:50:04.178260088,4.508193504766072,0.124989987
2025-10-05 15:50:04.303159952,5.8830621373702146,0.124989987
2025-10-05 15:50:04.428250074,6.892127735561493,0.124989987
2025-10-05 15:50:04.553139925,7.606846471146307,0.124989987
2025-10-05 15:50:04.678230047,7.221629116642033,0.124989987
2025-10-05 15:50:04.803119898,5.002287777804671,0.124989987
2025-10-05 15:50:04.928210020,2.8708190371883426,0.124989987
2025-10-05 15:50:05.053100109,5.588178926504322,0.124989987
2025-10-05 15:50:05.178289890,8.551205515509787,0.124989987
2025-10-05 15:50:05.303179979,9.463690474449383,0.124989987
2025-10-05 15:50:05.428070068,8.204363316829467,0.124989987
2025-10-05 15:50:05.552959919,5.602592420193799,0.124989987
2025-10-05 15:50:05.678050041,2.746860921907041,0.124989987
2025-10-05 15:50:05.802939892,2.1362193605638913,0.124989987
2025-10-05 15:50:05.928030014,3.851083521807986,0.124989987
2025-10-05 15:50:06.052920103,5.073753159889629,0.124989987
2025-10-05 15:50:06.178009987,5.599309739426459,0.124989987
2025-10-05 15:50:06.302900076,5.476709650820829,0.124989987
2025-10-05 15:50:06.427989960,4.558371620336587,0.124989987
2025-10-05 15:50:06.552880049,3.265720765028449,0.124989987
2025-10-05 15:50:06.677979946,3.854830608910592,0.124989987
2025-10-05 15:50:06.802870035,5.609718918389941,0.124989987
2025-10-05 15:50:06.927959919,6.375337136649324,0.124989987
2025-10-05 15:50:07.052850008,5.650842740803889,0.124989987
2025-10-05 15:50:07.177939892,4.188698716692453,0.124989987
2025-10-05 15:50:07.302930117,3.7786558404997663,0.124989987
2025-10-05 15:50:07.428020000,4.466111656980824,0.124989987
2025-10-05 15:50:07.552910089,4.9124990381076925,0.124989987
2025-10-05 15:50:07.677999973,5.053670419901757,0.124989987
2025-10-05 15:50:07.802890062,5.123091041995254,0.124989987
2025-10-05 15:50:07.927979946,5.694932101142118,0.124989987
2025-10-05 15:50:08.052870035,7.044641170376247,0.124989987
2025-10-05 15:50:08.177959919,8.00231060228313,0.124989987
2025-10-05 15:50:08.302860022,7.288353164465689,0.124989987
2025-10-05 15:50:08.427949905,4.8536992552785945,0.124989987
2025-10-05 15:50:08.552839994,3.36156817900872,0.124989987
2025-10-05 15:50:08.677829981,6.171367975839878,0.124989987
2025-10-05 15:50:08.802720070,9.35263542020483,0.124989987
2025-10-05 15:50:08.927809954,11.19744880605462,0.124989987
2025-10-05 15:50:09.052700043,11.788428011936665,0.124989987
2025-10-05 15:50:09.177789927,11.772690770714185,0.124989987
2025-10-05 15:50:09.302680016,10.989585127015852,0.124989987
2025-10-05 15:50:09.427670002,9.729160139068325,0.124989987
2025-10-05 15:50:09.552560091,8.947332808400779,0.124989987
2025-10-05 15:50:09.677550077,8.163980049072821,0.124989987
2025-10-05 15:50:09.802439928,6.488933096701642,0.124989987
2025-10-05 15:50:09.927530050,4.439759310557051,0.124989987
2025-10-05 15:50:10.052419901,4.545024068282587,0.124989987
2025-10-05 15:50:10.177609921,7.363567443394202,0.124989987
2025-10-05 15:50:10.302500010,10.047655666816162,0.124989987
2025-10-05 15:50:10.427489996,11.411293135177017,0.124989987
2025-10-05 15:50:10.552380085,14.645059258359181,0.124989987
2025-10-05 15:50:10.677469969,17.372273431858538,0.124989987
2025-10-05 15:50:10.802459955,16.7360130499256,0.124989987
2025-10-05 15:50:10.927449942,11.429741266138837,0.124989987
2025-10-05 15:50:11.052439928,6.100483925724169,0.124989987
2025-10-05 15:50:11.177530050,9.376716130024306,0.124989987
2025-10-05 15:50:11.302419901,14.10055510667697,0.124989987
2025-10-05 15:50:11.427510023,13.71846032178473,0.124989987
2025-10-05 15:50:11.552500010,11.33159609468794,0.124989987
2025-10-05 15:50:11.677489996,7.038660143168656,0.124989987
2025-10-05 15:50:11.802479982,5.2309177086873575,0.124989987
2025-10-05 15:50:11.927570105,5.8129331982506915,0.124989987
2025-10-05 15:50:12.052459955,7.231817935719275,0.124989987
2025-10-05 15:50:12.177449942,8.571352620838033,0.124989987
2025-10-05 15:50:12.302540064,9.21951400704804,0.124989987
2025-10-05 15:50:12.427629948,8.584582894499999,0.124989987
2025-10-05 15:50:12.552520037,6.566493273695102,0.124989987
2025-10-05 15:50:12.677409887,3.6847851844427786,0.124989987
2025-10-05 15:50:12.802400112,3.9864170592062997,0.124989987
2025-10-05 15:50:12.927390099,6.722177662819244,0.124989987
2025-10-05 15:50:13.052479982,7.96554836114652,0.124989987
2025-10-05 15:50:13.177469969,7.194116915706333,0.124989987
2025-10-05 15:50:13.302459955,6.515730495668847,0.124989987
2025-10-05 15:50:13.427449942,9.82300183100614,0.124989987
2025-10-05 15:50:13.552439928,14.846826923439298,0.124989987
2025-10-05 15:50:13.677429914,17.499486994499467,0.124989987
2025-10-05 15:50:13.802320004,15.924402802806956,0.124989987
2025-10-05 15:50:13.927409887,10.2591004868328,0.124989987
2025-10-05 15:50:14.052500010,5.149238934930383,0.124989987
2025-10-05 15:50:14.177390099,10.802486403968024,0.124989987
2025-10-05 15:50:14.302380085,16.699166683098323,0.124989987
2025-10-05 15:50:14.427370071,18.570213392462914,0.124989987
2025-10-05 15:50:14.552269936,16.491465029160263,0.124989987
2025-10-05 15:50:14.677360058,11.977025241380767,0.124989987
2025-10-05 15:50:14.802249908,7.213641645974175,0.124989987
2025-10-05 15:50:14.927340031,3.9350790890045655,0.124989987
2025-10-05 15:50:15.052229881,4.364005706571315,0.124989987
2025-10-05 15:50:15.177320004,6.54438234915817,0.124989987
2025-10-05 15:50:15.302309990,7.682090548908545,0.124989987
2025-10-05 15:50:15.427400112,7.39299768300498,0.124989987
2025-10-05 15:50:15.552289963,6.615471374088849,0.124989987
2025-10-05 15:50:15.677380085,6.18840395397133,0.124989987
2025-10-05 15:50:15.802269936,5.721897643597271,0.124989987
2025-10-05 15:50:15.927360058,4.54943492248521,0.124989987
2025-10-05 15:50:16.052259922,3.060802196598793,0.124989987
2025-10-05 15:50:16.177350044,3.532940714199574,0.124989987
2025-10-05 15:50:16.302239895,5.857175436944329,0.124989987
2025-10-05 15:50:16.427429914,7.698911459575505,0.124989987
2025-10-05 15:50:16.552320004,7.936583212347111,0.124989987
2025-10-05 15:50:16.677409887,6.297212444897266,0.124989987
2025-10-05 15:50:16.802299976,3.5046695793555194,0.124989987
2025-10-05 15:50:16.927390099,3.0895286835125844,0.124989987
2025-10-05 15:50:17.052279949,5.609576545948009,0.124989987
2025-10-05 15:50:17.177370071,7.215263365552431,0.124989987
2025-10-05 15:50:17.302259922,7.2268933499898145,0.124989987
2025-10-05 15:50:17.427350044,5.842857910891382,0.124989987
2025-10-05 15:50:17.552239895,3.6666141631809306,0.124989987
2025-10-05 15:50:17.677340031,2.2908600878838055,0.124989987
2025-10-05 15:50:17.802229881,3.4148629911857378,0.124989987
2025-10-05 15:50:17.927220106,4.618468774273569,0.124989987
2025-10-05 15:50:18.052109957,4.710885323434227,0.124989987
2025-10-05 15:50:18.177099943,3.7652618963993727,0.124989987
2025-10-05 15:50:18.301990032,2.5045436839829716,0.124989987
2025-10-05 15:50:18.426980019,2.148050649254109,0.124989987
2025-10-05 15:50:18.551970005,3.0563547533157855,0.124989987
2025-10-05 15:50:18.676959991,4.236634433818546,0.124989987
2025-10-05 15:50:18.801949978,5.298973776439927,0.124989987
2025-10-05 15:50:18.927040100,5.960839342998432,0.124989987
2025-10-05 15:50:19.051929951,5.9998707164123966,0.124989987
2025-10-05 15:50:19.177020073,5.438855228148384,0.124989987
2025-10-05 15:50:19.301909924,4.613432279972471,0.124989987
2025-10-05 15:50:19.427000046,4.088066953745622,0.124989987
2025-10-05 15:50:19.551990032,3.8930492726057295,0.124989987
2025-10-05 15:50:19.676980019,3.466739095365413,0.124989987
2025-10-05 15:50:19.801970005,2.7696726569741053,0.124989987
2025-10-05 15:50:19.926959991,2.660974632707347,0.124989987
2025-10-05 15:50:20.051949978,3.0711410467537954,0.124989987
2025-10-05 15:50:20.177040100,3.1220878938910417,0.124989987
2025-10-05 15:50:20.301929951,2.8091266865712914,0.124989987
2025-10-05 15:50:20.427020073,2.8588856880681677,0.124989987
2025-10-05 15:50:20.551919937,3.3992111572176564,0.124989987
2025-10-05 15:50:20.676909924,3.6769266229618998,0.124989987
2025-10-05 15:50:20.802000046,3.2558161379756996,0.124989987
2025-10-05 15:50:20.926990032,2.5108031822590156,0.124989987
2025-10-05 15:50:21.051879883,2.3723118025976264,0.124989987
2025-10-05 15:50:21.176870108,3.0228035410907874,0.124989987
2025-10-05 15:50:21.301860094,3.341578974736943,0.124989987
2025-10-05 15:50:21.426850080,2.9319497212505197,0.124989987
2025-10-05 15:50:21.551840067,2.221474135035112,0.124989987
2025-10-05 15:50:21.676929951,2.134701622581948,0.124989987
2025-10-05 15:50:21.801929951,2.720264841005559,0.124989987
2025-10-05 15:50:21.926820040,3.9328079945110463,0.124989987
2025-10-05 15:50:22.051810026,5.886482241619438,0.124989987
2025-10-05 15:50:22.176800013,7.336952775754863,0.124989987
2025-10-05 15:50:22.301789999,7.836775329757004,0.124989987
2025-10-05 15:50:22.426779985,6.964059411771198,0.124989987
2025-10-05 15:50:22.551769972,6.409300640873075,0.124989987
2025-10-05 15:50:22.676759958,7.507862401363453,0.124989987
2025-10-05 15:50:22.801749945,8.954191559931862,0.124989987
2025-10-05 15:50:22.926739931,8.885031074438965,0.124989987
2025-10-05 15:50:23.051729918,7.015817390575383,0.124989987
2025-10-05 15:50:23.176719904,5.11243533528122,0.124989987
2025-10-05 15:50:23.301709890,5.479729930699687,0.124989987
2025-10-05 15:50:23.426709890,6.152148421870119,0.124989987
2025-10-05 15:50:23.551589966,5.299352158304069,0.124989987
2025-10-05 15:50:23.676589966,3.5448460256245258,0.124989987
2025-10-05 15:50:23.801579952,3.58562144524544,0.124989987
2025-10-05 15:50:23.926670074,5.265700549929136,0.124989987
2025-10-05 15:50:24.051559925,6.572642317578981,0.124989987
2025-10-05 15:50:24.176549911,6.848764868798096,0.124989987
2025-10-05 15:50:24.301640034,6.315134794585545,0.124989987
2025-10-05 15:50:24.426529884,5.772417203789934,0.124989987
2025-10-05 15:50:24.551419973,7.089079141124538,0.124989987
2025-10-05 15:50:24.676409960,10.088596928242698,0.124989987
2025-10-05 15:50:24.801500082,12.521670085804569,0.124989987
2025-10-05 15:50:24.926490068,12.68687067868897,0.124989987
2025-10-05 15:50:25.051480055,10.259727577213688,0.124989987
2025-10-05 15:50:25.176579952,7.152532021186762,0.124989987
2025-10-05 15:50:25.301569939,7.354844069868984,0.124989987
2025-10-05 15:50:25.426559925,9.350067246516094,0.124989987
2025-10-05 15:50:25.551450014,9.526575477505807,0.124989987
2025-10-05 15:50:25.676440001,7.73272674101536,0.124989987
2025-10-05 15:50:25.801529884,6.043336612878102,0.124989987
2025-10-05 15:50:25.926520109,6.083690791883576,0.124989987
2025-10-05 15:50:26.051510096,6.626008233572759,0.124989987
2025-10-05 15:50:26.176500082,6.501107781211213,0.124989987
2025-10-05 15:50:26.301490068,5.756031133153382,0.124989987
2025-10-05 15:50:26.426480055,5.009916231604078,0.124989987
2025-10-05 15:50:26.551480055,4.770478315687224,0.124989987
2025-10-05 15:50:26.676470041,5.099017799398822,0.124989987
2025-10-05 15:50:26.801559925,5.5383118273566,0.124989987
2025-10-05 15:50:26.926549911,5.463427768560961,0.124989987
2025-10-05 15:50:27.051440001,5.042654335115486,0.124989987
2025-10-05 15:50:27.176429987,4.903906716284069,0.124989987
2025-10-05 15:50:27.301419973,5.215435417384247,0.124989987
2025-10-05 15:50:27.426609993,5.421828709575489,0.124989987
2025-10-05 15:50:27.551399946,5.19724751646648,0.124989987
2025-10-05 15:50:27.676389933,4.672819888758714,0.124989987
2025-10-05 15:50:27.801490068,4.2048232350341435,0.124989987
2025-10-05 15:50:27.926480055,3.703123550768459,0.124989987
2025-10-05 15:50:28.051470041,3.1702614808550096,0.124989987
2025-10-05 15:50:28.176460028,2.7230769077143226,0.124989987
2025-10-05 15:50:28.301450014,2.323023643480195,0.124989987
2025-10-05 15:50:28.426440001,1.9043562665407439,0.124989987
2025-10-05 15:50:28.551429987,2.2960492991103214,0.124989987
2025-10-05 15:50:28.676520109,3.9491298113122344,0.124989987
2025-10-05 15:50:28.801510096,5.8512920167422,0.124989987
2025-10-05 15:50:28.926500082,7.0247013888801,0.124989987
2025-10-05 15:50:29.051490068,6.86837286598529,0.124989987
2025-10-05 15:50:29.176589966,5.401934565875451,0.124989987
2025-10-05 15:50:29.301480055,3.247961854385917,0.124989987
2025-10-05 15:50:29.426470041,2.3522374753859356,0.124989987
2025-10-05 15:50:29.551460028,3.7662173365250715,0.124989987
2025-10-05 15:50:29.676450014,5.055169176424861,0.124989987
2025-10-05 15:50:29.801440001,5.468405252430364,0.124989987
2025-10-05 15:50:29.926429987,5.224499396725967,0.124989987
2025-10-05 15:50:30.051520109,4.651268361297916,0.124989987
2025-10-05 15:50:30.176409960,4.014814906346119,0.124989987
2025-10-05 15:50:30.301399946,3.829892337188084,0.124989987
2025-10-05 15:50:30.426290035,4.735236017945252,0.124989987
2025-10-05 15:50:30.551379919,6.386382179089583,0.124989987
2025-10-05 15:50:30.676270008,7.501249728152968,0.124989987
2025-10-05 15:50:30.801259995,7.059094005364994,0.124989987
2025-10-05 15:50:30.926150084,4.943729955770239,0.124989987
2025-10-05 15:50:31.051150084,2.4951668532006037,0.124989987
2025-10-05 15:50:31.175940037,3.239823876297751,0.124989987
2025-10-05 15:50:31.300930023,5.052048854335933,0.124989987
2025-10-05 15:50:31.426019907,5.803341185294382,0.124989987
2025-10-05 15:50:31.551009893,5.734227100828409,0.124989987
2025-10-05 15:50:31.676000118,5.290042982561674,0.124989987
2025-10-05 15:50:31.800990105,4.472634278467108,0.124989987
2025-10-05 15:50:31.925980091,3.4314175670528657,0.124989987
2025-10-05 15:50:32.050970078,3.6244852249211883,0.124989987
2025-10-05 15:50:32.175960064,4.910072912909849,0.124989987
2025-10-05 15:50:32.300960064,5.57137065906048,0.124989987
2025-10-05 15:50:32.425950050,5.177850261172003,0.124989987
2025-10-05 15:50:32.550940037,4.319415052993286,0.124989987
2025-10-05 15:50:32.676029921,3.9628424873618178,0.124989987
2025-10-05 15:50:32.801120043,4.071809040709056,0.124989987
2025-10-05 15:50:32.926009893,3.912675442682155,0.124989987
2025-10-05 15:50:33.051000118,3.8162028215388397,0.124989987
2025-10-05 15:50:33.175889969,4.775441380066979,0.124989987
2025-10-05 15:50:33.300879955,6.429536639579869,0.124989987
2025-10-05 15:50:33.425869942,7.470748586367032,0.124989987
2025-10-05 15:50:33.550869942,6.941473747934151,0.124989987
2025-10-05 15:50:33.675859928,4.830966373518555,0.124989987
2025-10-05 15:50:33.800849915,2.8377203535924744,0.124989987
2025-10-05 15:50:33.925839901,3.5539058360131035,0.124989987
2025-10-05 15:50:34.050829887,4.876306096876507,0.124989987
2025-10-05 15:50:34.175820112,5.3197798809134005,0.124989987
2025-10-05 15:50:34.300810099,5.035475237315938,0.124989987
2025-10-05 15:50:34.425800085,4.4972257928526345,0.124989987
2025-10-05 15:50:34.550790071,4.257901449420947,0.124989987
2025-10-05 15:50:34.675780058,5.006923744698733,0.124989987
2025-10-05 15:50:34.800770044,6.133395484439349,0.124989987
2025-10-05 15:50:34.925760031,6.305752184793659,0.124989987
2025-10-05 15:50:35.050760031,5.200275645565627,0.124989987
2025-10-05 15:50:35.175750017,3.6713102603909684,0.124989987
2025-10-05 15:50:35.300740004,3.263974971695095,0.124989987
2025-10-05 15:50:35.425729990,3.59929174060217,0.124989987
2025-10-05 15:50:35.550719976,3.397668767709413,0.124989987
2025-10-05 15:50:35.675709963,2.802033626780557,0.124989987
2025-10-05 15:50:35.800699949,2.807782237527512,0.124989987
2025-10-05 15:50:35.925689936,4.383757378845458,0.124989987
2025-10-05 15:50:36.050679922,6.836691229415732,0.124989987
2025-10-05 15:50:36.175669909,9.055496826802989,0.124989987
2025-10-05 15:50:36.300659895,10.023859003569283,0.124989987
2025-10-05 15:50:36.425659895,8.984948998611845,0.124989987
2025-10-05 15:50:36.550549984,6.048546707966635,0.124989987
2025-10-05 15:50:36.675539970,3.36126493457106,0.124989987
2025-10-05 15:50:36.800430059,5.425284817297891,0.124989987
2025-10-05 15:50:36.925420046,8.377796252880467,0.124989987
2025-10-05 15:50:37.050410032,9.83980525234453,0.124989987
2025-10-05 15:50:37.175499916,9.827699769706337,0.124989987
2025-10-05 15:50:37.300390005,9.269790302504475,0.124989987
2025-10-05 15:50:37.425379992,9.023897935671924,0.124989987
2025-10-05 15:50:37.550479889,8.777440837956416,0.124989987
2025-10-05 15:50:37.675470114,7.540660106215967,0.124989987
2025-10-05 15:50:37.800559998,5.101604247913298,0.124989987
2025-10-05 15:50:37.925549984,3.867978510876192,0.124989987
2025-10-05 15:50:38.050539970,6.099183526802336,0.124989987
2025-10-05 15:50:38.175529957,7.974757731272469,0.124989987
2025-10-05 15:50:38.300519943,7.4198549560446265,0.124989987
2025-10-05 15:50:38.425509930,5.104583317868756,0.124989987
2025-10-05 15:50:38.550499916,5.324926469977121,0.124989987
2025-10-05 15:50:38.675489902,14.30684337178649,0.124989987
2025-10-05 15:50:38.800590038,20.81377823922053,0.124989987
2025-10-05 15:50:38.925580025,29.117979348295925,0.124989987
2025-10-05 15:50:39.050369978,23.52045647345223,0.124989987
2025-10-05 15:50:39.175359964,13.173559875453295,0.124989987
2025-10-05 15:50:39.300450087,4.036389758507967,0.124989987
2025-10-05 15:50:39.425440073,10.896833111480648,0.124989987
2025-10-05 15:50:39.550529957,14.099904779514645,0.124989987
2025-10-05 15:50:39.675519943,15.421781810125118,0.124989987
2025-10-05 15:50:39.800410032,12.638936795142858,0.124989987
2025-10-05 15:50:39.925400019,9.952027263839463,0.124989987
2025-10-05 15:50:40.050400019,11.04165333681777,0.124989987
2025-10-05 15:50:40.175390005,11.367000654974163,0.124989987
2025-10-05 15:50:40.300379992,12.822776850205067,0.124989987
2025-10-05 15:50:40.425369978,7.397912766313077,0.124989987
2025-10-05 15:50:40.550359964,5.291745791697103,0.124989987
2025-10-05 15:50:40.675349951,3.402853965344237,0.124989987
2025-10-05 15:50:40.800339937,3.603989185117098,0.124989987
2025-10-05 15:50:40.925329924,3.922153392009547,0.124989987
2025-10-05 15:50:41.050220013,3.6302387571304457,0.124989987
2025-10-05 15:50:41.175309896,2.5592592788230735,0.124989987
2025-10-05 15:50:41.300309896,2.113341562733294,0.124989987
2025-10-05 15:50:41.425299883,2.656762209551318,0.124989987
2025-10-05 15:50:41.550290108,3.51720205633839,0.124989987
2025-10-05 15:50:41.675280094,3.5400881189895546,0.124989987
2025-10-05 15:50:41.800369978,2.821657292215516,0.124989987
2025-10-05 15:50:41.925359964,2.2369888066686876,0.124989987
2025-10-05 15:50:42.050349951,2.895369359186492,0.124989987
2025-10-05 15:50:42.175339937,3.8152988301768715,0.124989987
2025-10-05 15:50:42.300230026,4.40632569729304,0.124989987
2025-10-05 15:50:42.425220013,5.449611440747679,0.124989987
2025-10-05 15:50:42.550209999,7.342501391060679,0.124989987
2025-10-05 15:50:42.675209999,9.311115596343328,0.124989987
2025-10-05 15:50:42.800199986,11.226552790554988,0.124989987
2025-10-05 15:50:42.925189972,13.520124711376113,0.124989987
2025-10-05 15:50:43.050280094,15.981610678067339,0.124989987
2025-10-05 15:50:43.175270081,17.160878983067185,0.124989987
2025-10-05 15:50:43.300260067,15.603592969579122,0.124989987
2025-10-05 15:50:43.425250053,11.63751739273781,0.124989987
2025-10-05 15:50:43.550339937,8.976683557185972,0.124989987
2025-10-05 15:50:43.675339937,11.857145023588645,0.124989987
2025-10-05 15:50:43.800230026,15.56319445720322,0.124989987
2025-10-05 15:50:43.925120115,16.426585929444588,0.124989987
2025-10-05 15:50:44.050110102,14.246617990810064,0.124989987
2025-10-05 15:50:44.175100088,10.38213713420344,0.124989987
2025-10-05 15:50:44.300090075,6.538698770178054,0.124989987
2025-10-05 15:50:44.425080061,3.856528346088487,0.124989987
2025-10-05 15:50:44.550070047,2.4726527153672424,0.124989987
2025-10-05 15:50:44.675070047,2.0682345705173297,0.124989987
2025-10-05 15:50:44.800060034,2.0932816229599873,0.124989987
2025-10-05 15:50:44.924949884,2.128089562302771,0.124989987
2025-10-05 15:50:45.049940109,1.9757168735413475,0.124989987
2025-10-05 15:50:45.174930096,1.702176497207032,0.124989987
2025-10-05 15:50:45.299920082,1.6276814263055288,0.124989987
2025-10-05 15:50:45.424910069,2.158626574700219,0.124989987
2025-10-05 15:50:45.549900055,2.76897413478223,0.124989987
2025-10-05 15:50:45.674890041,3.1168203053564056,0.124989987
2025-10-05 15:50:45.799890041,3.3047757102319375,0.124989987
2025-10-05 15:50:45.924779892,3.5717144785711805,0.124989987
2025-10-05 15:50:46.049870014,4.051392117038414,0.124989987
2025-10-05 15:50:46.174760103,4.416735380603303,0.124989987
2025-10-05 15:50:46.299849987,4.375111446823726,0.124989987
2025-10-05 15:50:46.424740076,3.874508459344876,0.124989987
2025-10-05 15:50:46.549730062,3.1960948996669356,0.124989987
2025-10-05 15:50:46.674619913,2.87252293095164,0.124989987
2025-10-05 15:50:46.799619913,3.1989717014570482,0.124989987
2025-10-05 15:50:46.924510002,3.8211042579500494,0.124989987
2025-10-05 15:50:47.049499989,4.197187624191346,0.124989987
2025-10-05 15:50:47.174590111,4.057343850577247,0.124989987
2025-10-05 15:50:47.299580097,3.0077096574621356,0.124989987
2025-10-05 15:50:47.424570084,2.4732748492417898,0.124989987
2025-10-05 15:50:47.549560070,4.825635184896596,0.124989987
2025-10-05 15:50:47.674649954,7.928776224876888,0.124989987
2025-10-05 15:50:47.799649954,10.248606067929824,0.124989987
2025-10-05 15:50:47.924740076,10.574335878321154,0.124989987
2025-10-05 15:50:48.049730062,8.499320672575603,0.124989987
2025-10-05 15:50:48.174619913,4.966381011327564,0.124989987
2025-10-05 15:50:48.299809933,3.8611711600246372,0.124989987
2025-10-05 15:50:48.424599886,7.264479182833069,0.124989987
2025-10-05 15:50:48.549690008,10.09182299292556,0.124989987
2025-10-05 15:50:48.674679995,10.529989156471766,0.124989987
2025-10-05 15:50:48.799770117,9.046324621099169,0.124989987
2025-10-05 15:50:48.924659967,6.206635015600241,0.124989987
2025-10-05 15:50:49.049760103,3.7146411740874785,0.124989987
2025-10-05 15:50:49.174750090,2.9252834952494773,0.124989987
2025-10-05 15:50:49.299740076,3.6959336454427856,0.124989987
2025-10-05 15:50:49.424730062,4.25197879327308,0.124989987
2025-10-05 15:50:49.549619913,3.718084179399654,0.124989987
2025-10-05 15:50:49.674510002,2.3713308833933318,0.124989987
2025-10-05 15:50:49.799599886,1.3873178109124817,0.124989987
2025-10-05 15:50:49.924590111,2.587162104237962,0.124989987
2025-10-05 15:50:50.049679995,3.50725068304149,0.124989987
2025-10-05 15:50:50.174570084,3.594955963592183,0.124989987
2025-10-05 15:50:50.299570084,2.7626398654953204,0.124989987
2025-10-05 15:50:50.424459934,1.9358728614632728,0.124989987
2025-10-05 15:50:50.549649954,2.0670450832052505,0.124989987
2025-10-05 15:50:50.674540043,2.9844507570950136,0.124989987
2025-10-05 15:50:50.799629927,4.006757657248439,0.124989987
2025-10-05 15:50:50.924520016,4.386776143884937,0.124989987
2025-10-05 15:50:51.049609900,4.382206240503065,0.124989987
2025-10-05 15:50:51.174499989,3.6919158281340865,0.124989987
2025-10-05 15:50:51.299489975,2.8771318710809903,0.124989987
2025-10-05 15:50:51.424489975,2.548626271639292,0.124989987
2025-10-05 15:50:51.549380064,2.6577740382684905,0.124989987
2025-10-05 15:50:51.674269915,2.942867655523095,0.124989987
2025-10-05 15:50:51.799259901,2.936938247109224,0.124989987
2025-10-05 15:50:51.924149990,2.5824157697729464,0.124989987
2025-10-05 15:50:52.049240112,2.1223052194962437,0.124989987
2025-10-05 15:50:52.174329996,2.1790985213888336,0.124989987
2025-10-05 15:50:52.299319983,3.0417900918771497,0.124989987
2025-10-05 15:50:52.424220085,4.07168640496576,0.124989987
2025-10-05 15:50:52.549309969,4.945890579820686,0.124989987
2025-10-05 15:50:52.674200058,5.705138476127639,0.124989987
2025-10-05 15:50:52.799289942,5.914963221493605,0.124989987
2025-10-05 15:50:52.924279928,5.220232415995,0.124989987
2025-10-05 15:50:53.049269915,4.01388754535114,0.124989987
2025-10-05 15:50:53.174259901,3.574828389071565,0.124989987
2025-10-05 15:50:53.299350023,3.927482085157996,0.124989987
2025-10-05 15:50:53.424340010,4.31757253497298,0.124989987
2025-10-05 15:50:53.549429893,4.691756225488596,0.124989987
2025-10-05 15:50:53.674329996,4.729768524914301,0.124989987
2025-10-05 15:50:53.799319983,4.077861754833652,0.124989987
2025-10-05 15:50:53.924210072,3.5108314262245623,0.124989987
2025-10-05 15:50:54.049299955,4.685002505913097,0.124989987
2025-10-05 15:50:54.174289942,6.199157457417823,0.124989987
2025-10-05 15:50:54.299380064,6.618158703451134,0.124989987
2025-10-05 15:50:54.424269915,5.676952128373641,0.124989987
2025-10-05 15:50:54.549360037,3.803237657744912,0.124989987
2025-10-05 15:50:54.674350023,2.6094432900243296,0.124989987
2025-10-05 15:50:54.799449921,3.5951698232970863,0.124989987
2025-10-05 15:50:54.924340010,4.956581932205398,0.124989987
2025-10-05 15:50:55.049429893,5.820409844044405,0.124989987
2025-10-05 15:50:55.174319983,5.754644758851844,0.124989987
2025-10-05 15:50:55.299410105,4.822082888327512,0.124989987
2025-10-05 15:50:55.424200058,3.9968050409758544,0.124989987
2025-10-05 15:50:55.549289942,3.7478966312345117,0.124989987
2025-10-05 15:50:55.674180031,3.6412221370696405,0.124989987
2025-10-05 15:50:55.799279928,3.3316170935472162,0.124989987
2025-10-05 15:50:55.924170017,3.0683501888146663,0.124989987
2025-10-05 15:50:56.049259901,3.3529451714556866,0.124989987
2025-10-05 15:50:56.174149990,3.7605972635117415,0.124989987
2025-10-05 15:50:56.299240112,3.700124457706119,0.124989987
2025-10-05 15:50:56.424129963,3.46525318086702,0.124989987
2025-10-05 15:50:56.549220085,3.8192748062582513,0.124989987
2025-10-05 15:50:56.674010038,4.2131187035879964,0.124989987
2025-10-05 15:50:56.799109936,3.742459391468797,0.124989987
2025-10-05 15:50:56.924000025,2.4966434744830908,0.124989987
2025-10-05 15:50:57.049089909,2.290631868433031,0.124989987
2025-10-05 15:50:57.173880100,3.579803926879655,0.124989987
2025-10-05 15:50:57.298969984,4.496001296840338,0.124989987
2025-10-05 15:50:57.423759937,4.774166302068352,0.124989987
2025-10-05 15:50:57.548850060,4.868338597756939,0.124989987
2025-10-05 15:50:57.673640013,4.956572395745874,0.124989987
2025-10-05 15:50:57.798739910,4.565054950574419,0.124989987
2025-10-05 15:50:57.923629999,3.510664225802148,0.124989987
2025-10-05 15:50:58.048719883,2.9442861621387957,0.124989987
2025-10-05 15:50:58.173909903,4.720690324555721,0.124989987
2025-10-05 15:50:58.298799992,6.812729437844055,0.124989987
2025-10-05 15:50:58.423589945,7.492303636913082,0.124989987
2025-10-05 15:50:58.548779964,6.243079235860298,0.124989987
2025-10-05 15:50:58.673569918,3.7366674297429796,0.124989987
2025-10-05 15:50:58.798860073,2.492214046696832,0.124989987
2025-10-05 15:50:58.923660040,3.9953858601239,0.124989987
2025-10-05 15:50:59.048749924,4.818637965581976,0.124989987
2025-10-05 15:50:59.173540115,4.213580718328059,0.124989987
2025-10-05 15:50:59.298729897,3.2694787224170767,0.124989987
2025-10-05 15:50:59.423719883,3.7472649422504145,0.124989987
2025-10-05 15:50:59.548710108,4.855661414270048,0.124989987
2025-10-05 15:50:59.673599958,5.474872378986473,0.124989987
2025-10-05 15:50:59.798690081,5.482425706074457,0.124989987
2025-10-05 15:50:59.923579931,5.030842662883425,0.124989987
2025-10-05 15:51:00.048680067,4.52413710688812,0.124989987
2025-10-05 15:51:00.173569918,4.4808316775350985,0.124989987
2025-10-05 15:51:00.298660040,5.068005470113267,0.124989987
2025-10-05 15:51:00.423549891,5.725885755281362,0.124989987
2025-10-05 15:51:00.548640013,5.932410369734717,0.124989987
2025-10-05 15:51:00.673629999,5.563410058191558,0.124989987
2025-10-05 15:51:00.798719883,4.870996294182639,0.124989987
2025-10-05 15:51:00.923510075,4.172095810978698,0.124989987
2025-10-05 15:51:01.048599958,3.7883437865696665,0.124989987
2025-10-05 15:51:01.173500061,3.526934423627834,0.124989987
2025-10-05 15:51:01.298690081,3.285975243945243,0.124989987
2025-10-05 15:51:01.423579931,3.184949874781548,0.124989987
2025-10-05 15:51:01.548670053,3.3772665941460707,0.124989987
2025-10-05 15:51:01.673559904,3.5208792818925216,0.124989987
2025-10-05 15:51:01.798650026,3.411009502096117,0.124989987
2025-10-05 15:51:01.923540115,3.333362756477159,0.124989987
2025-10-05 15:51:02.048629999,3.3845242197951544,0.124989987
2025-10-05 15:51:02.173520088,3.454324910969291,0.124989987
2025-10-05 15:51:02.298619986,3.48216427673997,0.124989987
2025-10-05 15:51:02.423510075,3.5042896841753826,0.124989987
2025-10-05 15:51:02.548599958,3.549630174091802,0.124989987
2025-10-05 15:51:02.673490047,3.4171935547464973,0.124989987
2025-10-05 15:51:02.798579931,3.0573589893040034,0.124989987
2025-10-05 15:51:02.923369884,2.574440148119587,0.124989987
2025-10-05 15:51:03.048559904,2.1952738328525214,0.124989987
2025-10-05 15:51:03.173350096,1.9739532258559216,0.124989987
2025-10-05 15:51:03.298439980,2.0408212108185766,0.124989987
2025-10-05 15:51:03.423330069,2.677659537073375,0.124989987
2025-10-05 15:51:03.548530102,4.388116926159557,0.124989987
2025-10-05 15:51:03.673419952,6.946623531845741,0.124989987
2025-10-05 15:51:03.798409939,9.233878588417383,0.124989987
2025-10-05 15:51:03.923500061,10.038012566877022,0.124989987
2025-10-05 15:51:04.048490047,8.458107615265309,0.124989987
2025-10-05 15:51:04.173379898,4.575371988483449,0.124989987
2025-10-05 15:51:04.298470020,2.5358606379815116,0.124989987
2025-10-05 15:51:04.423369884,6.5478432970625535,0.124989987
2025-10-05 15:51:04.548360109,9.530526287707778,0.124989987
2025-10-05 15:51:04.673249960,10.162494329291407,0.124989987
2025-10-05 15:51:04.798439980,8.788403762518652,0.124989987
2025-10-05 15:51:04.923330069,6.7162231858354,0.124989987
2025-10-05 15:51:05.048520088,5.440863285495326,0.124989987
2025-10-05 15:51:05.173409939,4.870019505153547,0.124989987
2025-10-05 15:51:05.298510075,4.03088564334775,0.124989987
2025-10-05 15:51:05.423399925,2.996437674407896,0.124989987
2025-10-05 15:51:05.548490047,2.5629356303752533,0.124989987
2025-10-05 15:51:05.673480034,2.7849604258646123,0.124989987
2025-10-05 15:51:05.798470020,2.846707852254073,0.124989987
2025-10-05 15:51:05.923360109,2.775772385622244,0.124989987
2025-10-05 15:51:06.048449993,2.89236305676656,0.124989987
2025-10-05 15:51:06.173340082,2.7488273424233114,0.124989987
2025-10-05 15:51:06.298439980,2.1765887385803957,0.124989987
2025-10-05 15:51:06.423330069,2.373226046326814,0.124989987
2025-10-05 15:51:06.548419952,3.4444751807816805,0.124989987
2025-10-05 15:51:06.673310041,4.0780662448524545,0.124989987
2025-10-05 15:51:06.798300028,3.8020653252990013,0.124989987
2025-10-05 15:51:06.923190117,3.0045044634904436,0.124989987
2025-10-05 15:51:07.048180103,2.4083602918431866,0.124989987
2025-10-05 15:51:07.173069954,2.5654744858456495,0.124989987
2025-10-05 15:51:07.298269987,3.383832611413277,0.124989987
2025-10-05 15:51:07.423259974,4.61194988528323,0.124989987
2025-10-05 15:51:07.548249960,6.627035384237208,0.124989987
2025-10-05 15:51:07.673140049,9.486450882241735,0.124989987
2025-10-05 15:51:07.798130035,11.495076149324545,0.124989987
2025-10-05 15:51:07.923019886,11.19555188225324,0.124989987
2025-10-05 15:51:08.048010111,8.037606507916642,0.124989987
2025-10-05 15:51:08.173099995,5.451162835405213,0.124989987
2025-10-05 15:51:08.298099995,8.47720574270148,0.124989987
2025-10-05 15:51:08.422990084,11.828335394214143,0.124989987
2025-10-05 15:51:08.548079967,12.250610423749912,0.124989987
2025-10-05 15:51:08.673069954,10.107244425666327,0.124989987
2025-10-05 15:51:08.798059940,7.078941359326619,0.124989987
2025-10-05 15:51:08.923049927,4.946651266309058,0.124989987
2025-10-05 15:51:09.048039913,3.9226489273604392,0.124989987
2025-10-05 15:51:09.172930002,3.379098920271793,0.124989987
2025-10-05 15:51:09.298029900,3.680990591367084,0.124989987
2025-10-05 15:51:09.423019886,4.34427883687546,0.124989987
2025-10-05 15:51:09.548110008,4.557129146051164,0.124989987
2025-10-05 15:51:09.673000097,4.222431384170617,0.124989987
2025-10-05 15:51:09.798089981,3.7428760354440005,0.124989987
2025-10-05 15:51:09.922980070,3.6925129596394113,0.124989987
2025-10-05 15:51:10.048069954,4.392244687057177,0.124989987
2025-10-05 15:51:10.172960043,5.689939272100186,0.124989987
2025-10-05 15:51:10.298059940,8.023569862445333,0.124989987
2025-10-05 15:51:10.422749996,11.921062309044652,0.124989987
2025-10-05 15:51:10.547840118,16.833815448414597,0.124989987
2025-10-05 15:51:10.672729969,20.595808149271175,0.124989987
2025-10-05 15:51:10.797820091,21.05569946673202,0.124989987
2025-10-05 15:51:10.922709942,17.158628599054243,0.124989987
2025-10-05 15:51:11.047800064,9.724998148294524,0.124989987
2025-10-05 15:51:11.172689915,4.952156279885659,0.124989987
2025-10-05 15:51:11.297790051,11.09251958643932,0.124989987
2025-10-05 15:51:11.422679901,15.291839589664978,0.124989987
2025-10-05 15:51:11.547770023,14.77367587988416,0.124989987
2025-10-05 15:51:11.672660112,10.556834373811782,0.124989987
2025-10-05 15:51:11.797749996,6.129660290662199,0.124989987
2025-10-05 15:51:11.922650099,5.548431332194713,0.124989987
2025-10-05 15:51:12.047739983,6.22998054082571,0.124989987
2025-10-05 15:51:12.172729969,5.367624773283709,0.124989987
2025-10-05 15:51:12.297820091,4.785090250781589,0.124989987
2025-10-05 15:51:12.422709942,6.415163213206739,0.124989987
2025-10-05 15:51:12.547800064,8.240835407784031,0.124989987
2025-10-05 15:51:12.672689915,8.654100506966454,0.124989987
2025-10-05 15:51:12.797780037,7.560015854098785,0.124989987
2025-10-05 15:51:12.922679901,5.687777708066482,0.124989987
2025-10-05 15:51:13.047669888,4.434229044027947,0.124989987
2025-10-05 15:51:13.172559977,4.716041533387827,0.124989987
2025-10-05 15:51:13.297549963,5.20115177122683,0.124989987
2025-10-05 15:51:13.422640085,4.855638703511001,0.124989987
2025-10-05 15:51:13.547630072,3.8825954022276146,0.124989987
2025-10-05 15:51:13.672620058,3.0039895634434224,0.124989987
2025-10-05 15:51:13.797709942,2.9777122579263766,0.124989987
2025-10-05 15:51:13.922610044,3.81864107401311,0.124989987
2025-10-05 15:51:14.047600031,4.736281960019587,0.124989987
2025-10-05 15:51:14.172590017,4.894002160956614,0.124989987
2025-10-05 15:51:14.297679901,4.146505282127832,0.124989987
2025-10-05 15:51:14.422569990,3.4928229524064047,0.124989987
2025-10-05 15:51:14.547559977,4.586465034575975,0.124989987
2025-10-05 15:51:14.672549963,6.508458389494627,0.124989987
