Time,v_l2,dt_s
2025-10-09 15:29:43.947309971,3.275647466826521,0.124989987
2025-10-09 15:29:44.072200060,4.499871079129379,0.124989987
2025-10-09 15:29:44.197190046,5.760509325290429,0.124989987
2025-10-09 15:29:44.322079897,6.07761978451762,0.124989987
2025-10-09 15:29:44.447069883,5.187896474126193,0.124989987
2025-10-09 15:29:44.572060108,3.8280565895284258,0.124989987
2025-10-09 15:29:44.697050095,3.5165716870618464,0.124989987
2025-10-09 15:29:44.821939945,3.9964162558207073,0.124989987
2025-10-09 15:29:44.947030067,4.121994900233138,0.124989987
2025-10-09 15:29:45.071919918,4.013633348155384,0.124989987
2025-10-09 15:29:45.197010040,4.547241357538546,0.124989987
2025-10-09 15:29:45.322000027,5.593534894481753,0.124989987
2025-10-09 15:29:45.447089911,6.060398203292999,0.124989987
2025-10-09 15:29:45.571980000,5.582073484722142,0.124989987
2025-10-09 15:29:45.696969986,4.779037096785501,0.124989987
2025-10-09 15:29:45.821959972,4.484874317686952,0.124989987
2025-10-09 15:29:45.946949959,4.468542340206815,0.124989987
2025-10-09 15:29:46.071939945,3.9877420736548403,0.124989987
2025-10-09 15:29:46.197040081,3.058310515389829,0.124989987
2025-10-09 15:29:46.321929932,2.6864721832088634,0.124989987
2025-10-09 15:29:46.447020054,3.292144977902249,0.124989987
2025-10-09 15:29:46.572010040,4.014052226043404,0.124989987
2025-10-09 15:29:46.697000027,4.448865570430736,0.124989987
2025-10-09 15:29:46.821990013,4.507383553647393,0.124989987
2025-10-09 15:29:46.947079897,4.174301337293344,0.124989987
2025-10-09 15:29:47.071969986,3.4803662654996526,0.124989987
2025-10-09 15:29:47.197060108,2.691489414062593,0.124989987
2025-10-09 15:29:47.322050095,2.36236519266116,0.124989987
2025-10-09 15:29:47.447149992,2.4722773772121522,0.124989987
2025-10-09 15:29:47.571939945,2.5096889649922756,0.124989987
2025-10-09 15:29:47.696929932,2.2170093129766055,0.124989987
2025-10-09 15:29:47.821919918,1.757056378131333,0.124989987
2025-10-09 15:29:47.946909904,1.4927219424189484,0.124989987
2025-10-09 15:29:48.071899891,1.7865866882827155,0.124989987
2025-10-09 15:29:48.196990013,2.2879274649136065,0.124989987
2025-10-09 15:29:48.321990013,2.6615787396682444,0.124989987
2025-10-09 15:29:48.446870089,0.6774180108192829,0.124989987
2025-10-09 15:29:48.571969986,0.6786104455128554,0.124989987
2025-10-09 15:29:48.696959972,0.6780142281660659,0.124989987
2025-10-09 15:29:48.821949959,0.6780142281660724,0.124989987
2025-10-09 15:29:48.946939945,0.6780142281660718,0.124989987
2025-10-09 15:29:49.071929932,0.6780142281660675,0.124989987
2025-10-09 15:29:49.196919918,0.6780142281660666,0.124989987
2025-10-09 15:29:49.321919918,0.6780685473169727,0.124989987
2025-10-09 15:29:49.446909904,0.6780142281660705,0.124989987
2025-10-09 15:29:49.571899891,0.6780142281660715,0.124989987
2025-10-09 15:29:49.696890116,0.6780155214791879,0.124989987
2025-10-09 15:29:49.821880102,0.6780142281660693,0.124989987
2025-10-09 15:29:49.946870089,0.6780142281660649,0.124989987
2025-10-09 15:29:50.071860075,0.6780142281660769,0.124989987
2025-10-09 15:29:50.196850061,0.6780142281660632,0.124989987
2025-10-09 15:29:50.321840048,0.6780142281660739,0.124989987
2025-10-09 15:29:50.446830034,0.6780142281660719,0.124989987
2025-10-09 15:29:50.571820021,0.6780142281660662,0.124989987
2025-10-09 15:29:50.696810007,0.6780142281660682,0.124989987
2025-10-09 15:29:50.821810007,0.6780685473169704,0.124989987
2025-10-09 15:29:50.946899891,1.9046997192620678,0.124989987
2025-10-09 15:29:51.071890116,1.8676622824231366,0.124989987
2025-10-09 15:29:51.196680069,1.6178054782092932,0.124989987
2025-10-09 15:29:51.321670055,1.3218433404098988,0.124989987
2025-10-09 15:29:51.446660042,1.100931241889338,0.124989987
2025-10-09 15:29:51.571660042,0.9939005258520593,0.124989987
2025-10-09 15:29:51.696650028,0.40024266030858674,0.124989987
2025-10-09 15:29:51.821640015,0.40024266030858796,0.124989987
2025-10-09 15:29:51.946630001,0.40024266030858763,0.124989987
2025-10-09 15:29:52.071619987,0.4002426603085866,0.124989987
2025-10-09 15:29:52.196609974,0.40024266030858907,0.124989987
2025-10-09 15:29:52.321599960,0.4002426603085895,0.124989987
2025-10-09 15:29:52.446589947,0.4002426603085821,0.124989987
2025-10-09 15:29:52.571579933,0.40024266030858824,0.124989987
2025-10-09 15:29:52.696470022,0.3999227691226374,0.124989987
2025-10-09 15:29:52.821460009,0.40024266030858496,0.124989987
2025-10-09 15:29:52.946350098,0.39992276912263625,0.124989987
2025-10-09 15:29:53.071340084,0.40024266030858496,0.124989987
2025-10-09 15:29:53.196330070,0.40024266030858957,0.124989987
2025-10-09 15:29:53.321320057,0.40024266030858824,0.124989987
2025-10-09 15:29:53.446310043,0.40024266030858907,0.124989987
2025-10-09 15:29:53.571300030,0.4002426603085847,0.124989987
2025-10-09 15:29:53.696290016,0.4002426603085826,0.124989987
2025-10-09 15:29:53.821379900,0.4005625514945444,0.124989987
2025-10-09 15:29:53.946369886,0.40024266030857986,0.124989987
2025-10-09 15:29:54.071360111,1.6064823607724423,0.124989987
2025-10-09 15:29:54.196350098,1.3643050152729777,0.124989987
2025-10-09 15:29:54.321340084,1.5183731630106612,0.124989987
2025-10-09 15:29:54.446330070,1.6977544895308037,0.124989987
2025-10-09 15:29:54.571419954,1.6887443545288314,0.124989987
2025-10-09 15:29:54.696409941,1.4703196008368384,0.124989987
2025-10-09 15:29:54.821399927,1.154262411001935,0.124989987
2025-10-09 15:29:54.946389914,0.9312038452546252,0.124989987
2025-10-09 15:29:55.071379900,0.9380592070701081,0.124989987
2025-10-09 15:29:55.196369886,1.0952662417960304,0.124989987
2025-10-09 15:29:55.321369886,1.2025860966754105,0.124989987
2025-10-09 15:29:55.446259975,1.1427966460976335,0.124989987
2025-10-09 15:29:55.571350098,0.9369964547697073,0.124989987
2025-10-09 15:29:55.696340084,0.8624242311577291,0.124989987
2025-10-09 15:29:55.821229935,1.073072372868205,0.124989987
2025-10-09 15:29:55.946219921,1.2738178040065227,0.124989987
2025-10-09 15:29:56.071209908,1.3057848663076166,0.124989987
2025-10-09 15:29:56.196199894,1.22978800010205,0.124989987
2025-10-09 15:29:56.321290016,1.134748609551913,0.124989987
2025-10-09 15:29:56.446280003,1.028190496722762,0.124989987
2025-10-09 15:29:56.571280003,0.9393314969301306,0.124989987
2025-10-09 15:29:56.696269989,0.9955243741882968,0.124989987
2025-10-09 15:29:56.821259975,1.134903652770137,0.124989987
2025-10-09 15:29:56.946249962,1.1895652968050976,0.124989987
2025-10-09 15:29:57.071239948,1.1739875104356947,0.124989987
2025-10-09 15:29:57.196229935,1.3521760864295744,0.124989987
2025-10-09 15:29:57.321219921,1.7032779219220215,0.124989987
2025-10-09 15:29:57.446209908,1.8640879932758,0.124989987
2025-10-09 15:29:57.571199894,1.6258040452296212,0.124989987
2025-10-09 15:29:57.696190119,1.1657611411721527,0.124989987
2025-10-09 15:29:57.821089983,1.1813460971066017,0.124989987
2025-10-09 15:29:57.946079969,1.6285057230679294,0.124989987
2025-10-09 15:29:58.070970058,1.8122476243124173,0.124989987
2025-10-09 15:29:58.195960045,1.5827931026523967,0.124989987
2025-10-09 15:29:58.320849895,1.3216702039983348,0.124989987
2025-10-09 15:29:58.445839882,1.9710966776221301,0.124989987
2025-10-09 15:29:58.570729971,3.2698434377659438,0.124989987
2025-10-09 15:29:58.695820093,4.306788160449966,0.124989987
2025-10-09 15:29:58.820709944,4.35793171144076,0.124989987
2025-10-09 15:29:58.945800066,3.0819469865828326,0.124989987
2025-10-09 15:29:59.070790052,1.4124399440100095,0.124989987
2025-10-09 15:29:59.195879936,2.677001656943268,0.124989987
2025-10-09 15:29:59.320869923,5.272600989374409,0.124989987
2025-10-09 15:29:59.445859909,7.398411732467651,0.124989987
2025-10-09 15:29:59.570849895,8.088428009986922,0.124989987
2025-10-09 15:29:59.695839882,6.733630356688658,0.124989987
2025-10-09 15:29:59.820830107,4.416504669146746,0.124989987
2025-10-09 15:29:59.946019888,4.560789085416579,0.124989987
2025-10-09 15:30:00.070909977,7.024347133987259,0.124989987
2025-10-09 15:30:00.195899963,8.240621001233887,0.124989987
2025-10-09 15:30:00.320790052,7.5186630849935,0.124989987
2025-10-09 15:30:00.445879936,6.055978370141609,0.124989987
2025-10-09 15:30:00.570980072,4.954286170024396,0.124989987
2025-10-09 15:30:00.695869923,4.3947205972307275,0.124989987
2025-10-09 15:30:00.820760012,3.608482364908966,0.124989987
2025-10-09 15:30:00.945749998,2.4776567982836117,0.124989987
2025-10-09 15:30:01.070739985,1.4878330502637047,0.124989987
2025-10-09 15:30:01.195830107,1.0701176942804,0.124989987
2025-10-09 15:30:01.320820093,1.1258271846877745,0.124989987
2025-10-09 15:30:01.445810080,1.2763766882398002,0.124989987
2025-10-09 15:30:01.570800066,1.4966619258877403,0.124989987
2025-10-09 15:30:01.695889950,1.7999426783995096,0.124989987
2025-10-09 15:30:01.820879936,1.940942079063412,0.124989987
2025-10-09 15:30:01.945770025,1.7458823535172694,0.124989987
2025-10-09 15:30:02.070770025,1.3654447989658902,0.124989987
2025-10-09 15:30:02.195760012,1.4057919062247441,0.124989987
2025-10-09 15:30:02.320749998,1.8950315378280647,0.124989987
2025-10-09 15:30:02.445640087,2.242084502566975,0.124989987
2025-10-09 15:30:02.570630074,2.247839625092502,0.124989987
2025-10-09 15:30:02.695630074,3.981220381230735,0.124989987
2025-10-09 15:30:02.820620060,9.356092227711153,0.124989987
2025-10-09 15:30:02.945709944,3.397993083906436,0.124989987
2025-10-09 15:30:03.070699930,3.3952794302375966,0.124989987
2025-10-09 15:30:03.195590019,3.3925657765687562,0.124989987
2025-10-09 15:30:03.320580006,3.3952794302376326,0.124989987
2025-10-09 15:30:03.445669889,3.397993083906424,0.124989987
2025-10-09 15:30:03.570660114,3.395285906737982,0.124989987
2025-10-09 15:30:03.695650101,3.3952794302375624,0.124989987
2025-10-09 15:30:03.820650101,3.3955514432545417,0.124989987
2025-10-09 15:30:03.945640087,3.3952794302376477,0.124989987
2025-10-09 15:30:04.070630074,3.3952794302375753,0.124989987
2025-10-09 15:30:04.195620060,3.3952794302375504,0.124989987
2025-10-09 15:30:04.320610046,3.3952794302376574,0.124989987
2025-10-09 15:30:04.445600033,3.3952794302375504,0.124989987
2025-10-09 15:30:04.570590019,3.3952794302375775,0.124989987
2025-10-09 15:30:04.695580006,3.3952794302376343,0.124989987
2025-10-09 15:30:04.820580006,3.3955514432545586,0.124989987
2025-10-09 15:30:04.945569992,3.3952794302375464,0.124989987
2025-10-09 15:30:05.070559978,4.865110336708096,0.124989987
2025-10-09 15:30:05.195549965,3.8396873073935343,0.124989987
2025-10-09 15:30:05.320539951,10.516416251500742,0.124989987
2025-10-09 15:30:05.445529938,13.912318057315828,0.124989987
2025-10-09 15:30:05.570529938,13.1294577865151,0.124989987
2025-10-09 15:30:05.695519924,9.424434626028981,0.124989987
2025-10-09 15:30:05.820509911,5.157637573370001,0.124989987
2025-10-09 15:30:05.945499897,2.7562407857939406,0.124989987
2025-10-09 15:30:06.070489883,2.5512560300042413,0.124989987
2025-10-09 15:30:06.195480108,2.8469178616953457,0.124989987
2025-10-09 15:30:06.320470095,3.591090047299288,0.124989987
2025-10-09 15:30:06.445460081,4.590389495792704,0.124989987
2025-10-09 15:30:06.570450068,5.47948832944537,0.124989987
2025-10-09 15:30:06.695440054,6.069475208905626,0.124989987
2025-10-09 15:30:06.820430040,6.265689617701312,0.124989987
2025-10-09 15:30:06.945430040,6.068993120314604,0.124989987
2025-10-09 15:30:07.070420027,5.65481852073097,0.124989987
2025-10-09 15:30:07.195310116,5.761252566958421,0.124989987
2025-10-09 15:30:07.320300102,6.595105317429206,0.124989987
2025-10-09 15:30:07.445189953,7.1162780077825785,0.124989987
2025-10-09 15:30:07.570179939,6.507916218793462,0.124989987
2025-10-09 15:30:07.695070028,5.153966180900201,0.124989987
2025-10-09 15:30:07.820060015,4.314476745974881,0.124989987
2025-10-09 15:30:07.945149899,4.903231702850987,0.124989987
2025-10-09 15:30:08.070139885,5.599557641079962,0.124989987
2025-10-09 15:30:08.195029974,5.196419258099467,0.124989987
2025-10-09 15:30:08.320120096,3.7002642524734624,0.124989987
2025-10-09 15:30:08.445110083,2.271899750522236,0.124989987
2025-10-09 15:30:08.570100069,3.032280210290599,0.124989987
2025-10-09 15:30:08.695090055,4.703714157022087,0.124989987
2025-10-09 15:30:08.820080042,5.828246437224923,0.124989987
2025-10-09 15:30:08.945070028,6.045995385943079,0.124989987
2025-10-09 15:30:09.070060015,5.533354529725887,0.124989987
2025-10-09 15:30:09.195050001,4.753819329656629,0.124989987
2025-10-09 15:30:09.320050001,4.015539606235381,0.124989987
2025-10-09 15:30:09.445039988,3.399918669748146,0.124989987
2025-10-09 15:30:09.570130110,2.7581840251569507,0.124989987
2025-10-09 15:30:09.695120096,2.0232994125712094,0.124989987
2025-10-09 15:30:09.820110083,1.439529251218953,0.124989987
2025-10-09 15:30:09.945100069,1.2234657642075648,0.124989987
2025-10-09 15:30:10.070090055,1.319661369650563,0.124989987
2025-10-09 15:30:10.195189953,1.4800603559128933,0.124989987
2025-10-09 15:30:10.320179939,1.6036099487362878,0.124989987
2025-10-09 15:30:10.445169926,1.6882213561695636,0.124989987
2025-10-09 15:30:10.570159912,1.786853698613012,0.124989987
2025-10-09 15:30:10.695050001,0.8079588354509665,0.124989987
2025-10-09 15:30:10.820039988,0.8086051075065295,0.124989987
2025-10-09 15:30:10.945029974,0.8086051075065245,0.124989987
2025-10-09 15:30:11.069920063,0.8079588354509663,0.124989987
2025-10-09 15:30:11.194910049,0.8086051075065271,0.124989987
2025-10-09 15:30:11.319999933,0.8092513795621041,0.124989987
2025-10-09 15:30:11.444989920,0.8086051075065317,0.124989987
2025-10-09 15:30:11.570090055,0.8093177034246068,0.124989987
2025-10-09 15:30:11.695080042,0.8086051075065324,0.124989987
2025-10-09 15:30:11.820070028,0.8086051075065337,0.124989987
2025-10-09 15:30:11.945060015,0.8086051075065298,0.124989987
2025-10-09 15:30:12.070050001,0.8086051075065347,0.124989987
2025-10-09 15:30:12.195039988,0.8086051075065294,0.124989987
2025-10-09 15:30:12.320029974,0.8086051075065244,0.124989987
2025-10-09 15:30:12.445019960,0.8086051075065364,0.124989987
2025-10-09 15:30:12.570009947,0.8086051075065286,0.124989987
2025-10-09 15:30:12.694999933,0.808605107506533,0.124989987
2025-10-09 15:30:12.820100069,0.8093177034246049,0.124989987
2025-10-09 15:30:12.945090055,0.8086051075065344,0.124989987
2025-10-09 15:30:13.070080042,0.8086051075065317,0.124989987
2025-10-09 15:30:13.195070028,0.8086051075065186,0.124989987
2025-10-09 15:30:13.320159912,0.8092513795621115,0.124989987
2025-10-09 15:30:13.445149899,2.5131948457192888,0.124989987
2025-10-09 15:30:13.570149899,2.6276193309781384,0.124989987
2025-10-09 15:30:13.695039988,2.8000904307025514,0.124989987
2025-10-09 15:30:13.820029974,3.4378011946094262,0.124989987
2025-10-09 15:30:13.945019960,3.920949078292652,0.124989987
2025-10-09 15:30:14.070009947,3.50597279554263,0.124989987
2025-10-09 15:30:14.194900036,2.270207333371557,0.124989987
2025-10-09 15:30:14.319900036,2.006273568894581,0.124989987
2025-10-09 15:30:14.444789886,3.0599945697453452,0.124989987
2025-10-09 15:30:14.569780111,3.582448291511268,0.124989987
2025-10-09 15:30:14.694669962,3.656021873247341,0.124989987
2025-10-09 15:30:14.819659948,4.059524625047249,0.124989987
2025-10-09 15:30:14.944659948,4.6804904710327095,0.124989987
2025-10-09 15:30:15.069550037,4.797381675510088,0.124989987
2025-10-09 15:30:15.194540024,4.488239471411034,0.124989987
2025-10-09 15:30:15.319530010,4.578502508539774,0.124989987
2025-10-09 15:30:15.444619894,5.180804902638488,0.124989987
2025-10-09 15:30:15.569610119,5.6227694457546455,0.124989987
2025-10-09 15:30:15.694600105,5.577545339846464,0.124989987
2025-10-09 15:30:15.819489956,5.376254771865727,0.124989987
2025-10-09 15:30:15.944679976,5.448994168299962,0.124989987
2025-10-09 15:30:16.069570065,5.614471107276179,0.124989987
2025-10-09 15:30:16.194669962,5.161419691269157,0.124989987
2025-10-09 15:30:16.319560051,4.043212332780706,0.124989987
2025-10-09 15:30:16.444649935,2.6625119265751658,0.124989987
2025-10-09 15:30:16.569540024,1.8209763389324973,0.124989987
2025-10-09 15:30:16.694629908,1.7676662865507164,0.124989987
2025-10-09 15:30:16.819519997,3.7980784548215962,0.124989987
2025-10-09 15:30:16.944610119,8.673518955670644,0.124989987
2025-10-09 15:30:17.069499969,14.797424874117592,0.124989987
2025-10-09 15:30:17.194489956,18.399276641166086,0.124989987
2025-10-09 15:30:17.319380045,17.96922158384052,0.124989987
2025-10-09 15:30:17.444469929,11.594152251251833,0.124989987
2025-10-09 15:30:17.569370031,2.478674414428204,0.124989987
2025-10-09 15:30:17.694560051,9.831519563043853,0.124989987
2025-10-09 15:30:17.819449902,17.265137198848983,0.124989987
2025-10-09 15:30:17.944540024,19.216865757014308,0.124989987
2025-10-09 15:30:18.069430113,15.969205224263792,0.124989987
2025-10-09 15:30:18.194619894,10.390479028408123,0.124989987
2025-10-09 15:30:18.319610119,5.392759586836594,0.124989987
2025-10-09 15:30:18.444600105,3.1293128771177545,0.124989987
2025-10-09 15:30:18.569489956,3.1517650439988394,0.124989987
2025-10-09 15:30:18.694479942,4.1806131434156875,0.124989987
2025-10-09 15:30:18.819370031,5.1455908860975335,0.124989987
2025-10-09 15:30:18.944469929,5.26909396151141,0.124989987
2025-10-09 15:30:19.069360018,4.456608370656547,0.124989987
2025-10-09 15:30:19.194449902,3.250176852457878,0.124989987
2025-10-09 15:30:19.319339991,2.9751284311997357,0.124989987
2025-10-09 15:30:19.444430113,4.193365825381683,0.124989987
2025-10-09 15:30:19.569319963,5.67565706459208,0.124989987
2025-10-09 15:30:19.694410086,6.514573542567541,0.124989987
2025-10-09 15:30:19.819309950,6.250764854706823,0.124989987
2025-10-09 15:30:19.944400072,4.8389249144546564,0.124989987
2025-10-09 15:30:20.069289923,2.9432690978811293,0.124989987
2025-10-09 15:30:20.194380045,2.7390418247743127,0.124989987
2025-10-09 15:30:20.319269896,4.067432277350663,0.124989987
2025-10-09 15:30:20.444360018,4.550216639203456,0.124989987
2025-10-09 15:30:20.569250107,3.8138053266230045,0.124989987
2025-10-09 15:30:20.694339991,3.0455292483226946,0.124989987
2025-10-09 15:30:20.819430113,4.1932977293667095,0.124989987
2025-10-09 15:30:20.944519997,6.434509949959281,0.124989987
2025-10-09 15:30:21.069319963,7.265090801180119,0.124989987
2025-10-09 15:30:21.194410086,6.723722945860426,0.124989987
2025-10-09 15:30:21.319400072,4.156045346659371,0.124989987
2025-10-09 15:30:21.444390059,3.5867481301999735,0.124989987
2025-10-09 15:30:21.569180012,6.130041308436426,0.124989987
2025-10-09 15:30:21.694269896,7.72013417951301,0.124989987
2025-10-09 15:30:21.819060087,7.594658335788384,0.124989987
2025-10-09 15:30:21.944149971,5.729823785833471,0.124989987
2025-10-09 15:30:22.069050074,3.4786735800403865,0.124989987
2025-10-09 15:30:22.194139957,2.100061520256252,0.124989987
2025-10-09 15:30:22.318929911,1.8731675838549524,0.124989987
2025-10-09 15:30:22.444020033,2.165829465013809,0.124989987
2025-10-09 15:30:22.568909883,2.7985598706490094,0.124989987
2025-10-09 15:30:22.694000006,3.5649551182578723,0.124989987
2025-10-09 15:30:22.818890095,4.234576524005205,0.124989987
2025-10-09 15:30:22.943979979,4.610477829326045,0.124989987
2025-10-09 15:30:23.068969965,4.903013506014133,0.124989987
2025-10-09 15:30:23.194060087,5.098914010726304,0.124989987
2025-10-09 15:30:23.318959951,4.815624936590681,0.124989987
2025-10-09 15:30:23.444050074,3.8894372657972003,0.124989987
2025-10-09 15:30:23.568939924,3.104763026474163,0.124989987
2025-10-09 15:30:23.694030046,3.855015035192729,0.124989987
2025-10-09 15:30:23.819020033,5.065318190771434,0.124989987
2025-10-09 15:30:23.944109917,5.44920573275317,0.124989987
2025-10-09 15:30:24.068900108,4.850767936580144,0.124989987
2025-10-09 15:30:24.193989992,3.8301687215870794,0.124989987
2025-10-09 15:30:24.318979979,3.0448963327799854,0.124989987
2025-10-09 15:30:24.444070101,2.5217308194002386,0.124989987
2025-10-09 15:30:24.568959951,1.783066742137265,0.124989987
2025-10-09 15:30:24.694050074,1.1767681203805616,0.124989987
2025-10-09 15:30:24.819149971,1.6020064643964453,0.124989987
2025-10-09 15:30:24.944139957,2.2790971702077556,0.124989987
2025-10-09 15:30:25.068929911,2.4767270327926734,0.124989987
2025-10-09 15:30:25.194020033,2.1371406265571298,0.124989987
2025-10-09 15:30:25.318909883,1.8152592711951645,0.124989987
2025-10-09 15:30:25.444000006,2.399233452745064,0.124989987
2025-10-09 15:30:25.568890095,3.3488305647772028,0.124989987
2025-10-09 15:30:25.693979979,3.8178016709023797,0.124989987
2025-10-09 15:30:25.818870068,3.5462722391268837,0.124989987
2025-10-09 15:30:25.943959951,2.7853100773387873,0.124989987
2025-10-09 15:30:26.068860054,2.2806415755782403,0.124989987
2025-10-09 15:30:26.193949938,2.502290321274092,0.124989987
2025-10-09 15:30:26.318840027,2.8614011805549047,0.124989987
2025-10-09 15:30:26.443929911,3.052605242653888,0.124989987
2025-10-09 15:30:26.568820000,2.949250234649647,0.124989987
2025-10-09 15:30:26.693909883,2.476696722775318,0.124989987
2025-10-09 15:30:26.818799973,1.9521724550149249,0.124989987
2025-10-09 15:30:26.943890095,2.0951475982378907,0.124989987
2025-10-09 15:30:27.068779945,2.575414574414962,0.124989987
2025-10-09 15:30:27.193880081,2.60406022957688,0.124989987
2025-10-09 15:30:27.318769932,2.0603294232881795,0.124989987
2025-10-09 15:30:27.443860054,1.6358465761112804,0.124989987
2025-10-09 15:30:27.568749905,2.1322261636897246,0.124989987
2025-10-09 15:30:27.693739891,2.689309993142851,0.124989987
2025-10-09 15:30:27.818629980,2.649029046369443,0.124989987
2025-10-09 15:30:27.943619967,2.2190791731310533,0.124989987
2025-10-09 15:30:28.068510056,2.2067453446449132,0.124989987
2025-10-09 15:30:28.193510056,2.3693679731996045,0.124989987
2025-10-09 15:30:28.318399906,2.1880136209086998,0.124989987
2025-10-09 15:30:28.443589926,2.6144153872428153,0.124989987
2025-10-09 15:30:28.568480015,3.988146465507128,0.124989987
2025-10-09 15:30:28.693569899,4.865218848322447,0.124989987
2025-10-09 15:30:28.818459988,4.359015424263029,0.124989987
2025-10-09 15:30:28.943459988,2.785623365409798,0.124989987
2025-10-09 15:30:29.068350077,2.824709611207495,0.124989987
2025-10-09 15:30:29.193540096,4.764044249296075,0.124989987
2025-10-09 15:30:29.318429947,5.843619748275464,0.124989987
2025-10-09 15:30:29.443520069,5.223663157477136,0.124989987
2025-10-09 15:30:29.568409920,3.4425066792665775,0.124989987
2025-10-09 15:30:29.693500042,3.3717377747689694,0.124989987
2025-10-09 15:30:29.818389893,6.0351119386456284,0.124989987
2025-10-09 15:30:29.943490028,8.431707324175276,0.124989987
2025-10-09 15:30:30.068380117,9.355913163775197,0.124989987
2025-10-09 15:30:30.193470001,8.53622297557204,0.124989987
2025-10-09 15:30:30.318360090,6.296931429091078,0.124989987
2025-10-09 15:30:30.443449974,3.606946800622099,0.124989987
2025-10-09 15:30:30.568340063,3.0486829691391333,0.124989987
2025-10-09 15:30:30.693530083,5.106539142157337,0.124989987
2025-10-09 15:30:30.818419933,6.809781097162963,0.124989987
2025-10-09 15:30:30.943510056,7.2532077234967565,0.124989987
2025-10-09 15:30:31.068399906,6.475359358047937,0.124989987
2025-10-09 15:30:31.193490028,5.054573266176088,0.124989987
2025-10-09 15:30:31.318389893,3.751958958022729,0.124989987
2025-10-09 15:30:31.443480015,3.0391836145152538,0.124989987
2025-10-09 15:30:31.568370104,2.9453587459138144,0.124989987
2025-10-09 15:30:31.693360090,3.550829572247167,0.124989987
2025-10-09 15:30:31.818249941,5.336167609107119,0.124989987
2025-10-09 15:30:31.943340063,8.362791928891511,0.124989987
2025-10-09 15:30:32.068239927,11.486010235438586,0.124989987
2025-10-09 15:30:32.193429947,12.929538344468686,0.124989987
2025-10-09 15:30:32.318320036,11.361391996125475,0.124989987
2025-10-09 15:30:32.443510056,7.082650332744657,0.124989987
2025-10-09 15:30:32.568399906,4.2422079554748375,0.124989987
2025-10-09 15:30:32.693389893,7.88328673462465,0.124989987
2025-10-09 15:30:32.818279982,10.693559403629878,0.124989987
2025-10-09 15:30:32.943370104,10.47494923387856,0.124989987
2025-10-09 15:30:33.068269968,8.357714343194376,0.124989987
2025-10-09 15:30:33.193360090,6.130900886505832,0.124989987
2025-10-09 15:30:33.318249941,7.775859844331173,0.124989987
2025-10-09 15:30:33.443340063,17.45128498875584,0.124989987
2025-10-09 15:30:33.568229914,28.88249892001017,0.124989987
2025-10-09 15:30:33.693320036,36.302082109482754,0.124989987
2025-10-09 15:30:33.818219900,33.53954450580513,0.124989987
2025-10-09 15:30:33.943310022,20.054253166879924,0.124989987
2025-10-09 15:30:34.068200111,6.090384230788564,0.124989987
2025-10-09 15:30:34.193289995,22.440298046649808,0.124989987
2025-10-09 15:30:34.318180084,34.60680394825011,0.124989987
2025-10-09 15:30:34.443269968,35.88190606455152,0.124989987
2025-10-09 15:30:34.568160057,28.162065610350837,0.124989987
2025-10-09 15:30:34.693249941,17.521136088092405,0.124989987
2025-10-09 15:30:34.818140030,11.469051372983426,0.124989987
2025-10-09 15:30:34.943239927,10.007823182155347,0.124989987
2025-10-09 15:30:35.068030119,8.31648114653403,0.124989987
2025-10-09 15:30:35.193120003,6.268570231325162,0.124989987
2025-10-09 15:30:35.317909956,5.301196236596038,0.124989987
2025-10-09 15:30:35.443000078,5.233581845356773,0.124989987
2025-10-09 15:30:35.567889929,5.45624864506494,0.124989987
2025-10-09 15:30:35.692980051,5.9403325333064485,0.124989987
2025-10-09 15:30:35.817980051,6.118226929860644,0.124989987
2025-10-09 15:30:35.943069935,5.255172264571543,0.124989987
2025-10-09 15:30:36.067859888,3.7495546169209217,0.124989987
2025-10-09 15:30:36.192950010,2.677976952379539,0.124989987
2025-10-09 15:30:36.317840099,3.1854805699815527,0.124989987
2025-10-09 15:30:36.442929983,4.2690796527699035,0.124989987
2025-10-09 15:30:36.567820072,5.121085354076516,0.124989987
2025-10-09 15:30:36.692909956,5.597362539160028,0.124989987
2025-10-09 15:30:36.817899942,5.498334663690361,0.124989987
2025-10-09 15:30:36.942990065,5.532535347640807,0.124989987
2025-10-09 15:30:37.067889929,7.287196350015347,0.124989987
2025-10-09 15:30:37.192980051,10.583486016149262,0.124989987
2025-10-09 15:30:37.317970037,13.637440024505112,0.124989987
2025-10-09 15:30:37.443059921,14.696926849597503,0.124989987
2025-10-09 15:30:37.568049908,12.560758322596213,0.124989987
2025-10-09 15:30:37.693239927,7.4960304979200165,0.124989987
2025-10-09 15:30:37.817929983,3.5114427206252414,0.124989987
2025-10-09 15:30:37.943020105,8.41632691312255,0.124989987
2025-10-09 15:30:38.068020105,12.89351651915586,0.124989987
2025-10-09 15:30:38.193010092,14.5106297856163,0.124989987
2025-10-09 15:30:38.318000078,13.682765491389453,0.124989987
2025-10-09 15:30:38.442990065,11.540826012626912,0.124989987
2025-10-09 15:30:38.567980051,9.211855873136207,0.124989987
2025-10-09 15:30:38.692980051,7.08684437683635,0.124989987
2025-10-09 15:30:38.817970037,5.158117068783046,0.124989987
2025-10-09 15:30:38.942960024,3.818030214646815,0.124989987
2025-10-09 15:30:39.067850113,3.565444496020096,0.124989987
2025-10-09 15:30:39.192840099,3.6191348054956447,0.124989987
2025-10-09 15:30:39.317830086,3.4326780348702965,0.124989987
2025-10-09 15:30:39.442820072,3.7053736785731877,0.124989987
2025-10-09 15:30:39.567810059,4.630867889754144,0.124989987
2025-10-09 15:30:39.692909956,5.002976918812239,0.124989987
2025-10-09 15:30:39.817899942,4.291003846977884,0.124989987
2025-10-09 15:30:39.942889929,3.4502786108566648,0.124989987
2025-10-09 15:30:40.067879915,3.858569171466283,0.124989987
2025-10-09 15:30:40.192869902,4.531121268464352,0.124989987
2025-10-09 15:30:40.317869902,4.254518000020331,0.124989987
2025-10-09 15:30:40.442859888,3.3646362639893184,0.124989987
2025-10-09 15:30:40.567850113,2.9961844027821454,0.124989987
2025-10-09 15:30:40.692840099,3.393289330277334,0.124989987
2025-10-09 15:30:40.817830086,3.8703376347807175,0.124989987
2025-10-09 15:30:40.942719936,4.1612091395083715,0.124989987
2025-10-09 15:30:41.067709923,4.222822198839184,0.124989987
2025-10-09 15:30:41.192600012,3.9849977467449085,0.124989987
2025-10-09 15:30:41.317600012,3.444414114831142,0.124989987
2025-10-09 15:30:41.442490101,2.9163782394907214,0.124989987
2025-10-09 15:30:41.567480087,2.6448705958768572,0.124989987
2025-10-09 15:30:41.692369938,2.488671622709794,0.124989987
2025-10-09 15:30:41.817460060,2.425530065102884,0.124989987
2025-10-09 15:30:41.942450047,2.8581120093432304,0.124989987
2025-10-09 15:30:42.067539930,3.638249276649553,0.124989987
2025-10-09 15:30:42.192430019,4.258521107553184,0.124989987
2025-10-09 15:30:42.317529917,4.3958606612024225,0.124989987
2025-10-09 15:30:42.442519903,4.119528854082104,0.124989987
2025-10-09 15:30:42.567509890,1.9879006600198232,0.124989987
2025-10-09 15:30:42.692500114,1.9879044519432003,0.124989987
2025-10-09 15:30:42.817689896,1.9910782918054846,0.124989987
2025-10-09 15:30:42.942480087,1.9847230282341595,0.124989987
2025-10-09 15:30:43.067470074,1.9879006600198503,0.124989987
2025-10-09 15:30:43.192460060,1.9879006600198161,0.124989987
2025-10-09 15:30:43.317450047,1.9879006600197953,0.124989987
2025-10-09 15:30:43.442450047,1.9880599208014582,0.124989987
2025-10-09 15:30:43.567539930,1.989489475912675,0.124989987
2025-10-09 15:30:43.692430019,1.9863118441269716,0.124989987
2025-10-09 15:30:43.817519903,1.9894894759126842,0.124989987
2025-10-09 15:30:43.942409992,1.9863118441269871,0.124989987
2025-10-09 15:30:44.067500114,1.9894932678359956,0.124989987
2025-10-09 15:30:44.192389965,1.9863080522036451,0.124989987
2025-10-09 15:30:44.317480087,1.98949326783599,0.124989987
2025-10-09 15:30:44.442480087,1.9880599208014533,0.124989987
2025-10-09 15:30:44.567470074,1.9879006600198739,0.124989987
2025-10-09 15:30:44.692460060,1.9879006600197662,0.124989987
2025-10-09 15:30:44.817450047,1.9879006600198743,0.124989987
2025-10-09 15:30:44.942440033,1.9879006600198055,0.124989987
2025-10-09 15:30:45.067430019,1.9879006600198286,0.124989987
2025-10-09 15:30:45.192420006,1.9879006600198126,0.124989987
2025-10-09 15:30:45.317420006,1.988059920801451,0.124989987
2025-10-09 15:30:45.442409992,5.7978213375943195,0.124989987
2025-10-09 15:30:45.567399979,3.5604521221528893,0.124989987
2025-10-09 15:30:45.692389965,4.656516498448923,0.124989987
2025-10-09 15:30:45.817379951,7.363984574348589,0.124989987
2025-10-09 15:30:45.942369938,8.859926626300863,0.124989987
2025-10-09 15:30:46.067359924,7.9898713008922115,0.124989987
2025-10-09 15:30:46.192349911,5.866496862992343,0.124989987
2025-10-09 15:30:46.317349911,3.2955613929663032,0.124989987
2025-10-09 15:30:46.442339897,1.62224079158644,0.124989987
2025-10-09 15:30:46.567329884,1.356994421283669,0.124989987
2025-10-09 15:30:46.692320108,2.1092558216664945,0.124989987
2025-10-09 15:30:46.817310095,2.6568919622112976,0.124989987
2025-10-09 15:30:46.942300081,2.6023026354953416,0.124989987
2025-10-09 15:30:47.067290068,2.0512647724540582,0.124989987
2025-10-09 15:30:47.192280054,1.302699372812085,0.124989987
2025-10-09 15:30:47.317270041,0.786737450417228,0.124989987
2025-10-09 15:30:47.442369938,0.7389983254013502,0.124989987
2025-10-09 15:30:47.567260027,0.8440807863534153,0.124989987
2025-10-09 15:30:47.692250013,0.9014654300348961,0.124989987
2025-10-09 15:30:47.817140102,0.8573399352975457,0.124989987
2025-10-09 15:30:47.942130089,0.7728825647076016,0.124989987
2025-10-09 15:30:48.067019939,0.726863836633107,0.124989987
2025-10-09 15:30:48.192009926,0.7582318754187269,0.124989987
2025-10-09 15:30:48.316900015,0.9445200573545274,0.124989987
2025-10-09 15:30:48.441900015,1.2987682537150345,0.124989987
2025-10-09 15:30:48.566989899,1.562151136970748,0.124989987
2025-10-09 15:30:48.691979885,1.5177754206387055,0.124989987
2025-10-09 15:30:48.816869974,1.1568197069902466,0.124989987
2025-10-09 15:30:48.941960096,0.862211040731908,0.124989987
2025-10-09 15:30:49.066849947,1.08485400898001,0.124989987
2025-10-09 15:30:49.191849947,1.3811534979733426,0.124989987
2025-10-09 15:30:49.316940069,1.4193132765034646,0.124989987
2025-10-09 15:30:49.441930056,1.2186867313169534,0.124989987
2025-10-09 15:30:49.566819906,0.9484427628697475,0.124989987
2025-10-09 15:30:49.691910028,0.8572009420800936,0.124989987
2025-10-09 15:30:49.816900015,0.9974229455140884,0.124989987
2025-10-09 15:30:49.941989899,1.1818921218541902,0.124989987
2025-10-09 15:30:50.066879988,1.3186469949087967,0.124989987
2025-10-09 15:30:50.191879988,1.4517198109945322,0.124989987
2025-10-09 15:30:50.316869974,1.5900294941286468,0.124989987
2025-10-09 15:30:50.441960096,1.617634450569411,0.124989987
2025-10-09 15:30:50.566950083,1.4691880982175156,0.124989987
2025-10-09 15:30:50.692039967,1.302623695416677,0.124989987
2025-10-09 15:30:50.816839933,1.4837613156104323,0.124989987
2025-10-09 15:30:50.941930056,1.8165723376749963,0.124989987
2025-10-09 15:30:51.066819906,1.8592939687319485,0.124989987
2025-10-09 15:30:51.191910028,1.5306409901776443,0.124989987
2025-10-09 15:30:51.316900015,1.1246205305466375,0.124989987
2025-10-09 15:30:51.441890001,1.025907760573045,0.124989987
2025-10-09 15:30:51.566890001,1.0818537769994612,0.124989987
2025-10-09 15:30:51.691780090,1.0902539444046968,0.124989987
2025-10-09 15:30:51.816770077,1.0779747415500978,0.124989987
2025-10-09 15:30:51.941859961,1.0304842867331845,0.124989987
2025-10-09 15:30:52.066950082,0.9851181420738327,0.124989987
2025-10-09 15:30:52.191839933,1.0481493228834335,0.124989987
2025-10-09 15:30:52.316839933,1.1642674574241951,0.124989987
2025-10-09 15:30:52.441829920,1.1953804096039888,0.124989987
2025-10-09 15:30:52.566819906,1.0782812715089696,0.124989987
2025-10-09 15:30:52.691910028,0.8936704121442087,0.124989987
2025-10-09 15:30:52.816900015,0.7872032815562954,0.124989987
2025-10-09 15:30:52.941790104,0.8167767029188577,0.124989987
2025-10-09 15:30:53.066780090,0.9210550106964296,0.124989987
2025-10-09 15:30:53.191770077,1.2129832995058094,0.124989987
2025-10-09 15:30:53.316770077,1.8154047792814691,0.124989987
2025-10-09 15:30:53.441760063,2.4173917164084107,0.124989987
2025-10-09 15:30:53.566750050,2.584460173839984,0.124989987
2025-10-09 15:30:53.691740036,2.10732532194035,0.124989987
2025-10-09 15:30:53.816730022,1.2226295392615865,0.124989987
2025-10-09 15:30:53.941720009,1.1219461365729637,0.124989987
2025-10-09 15:30:54.066709994,1.9671798141667174,0.124989987
2025-10-09 15:30:54.191699982,2.4860366253440436,0.124989987
2025-10-09 15:30:54.316699982,2.4525581072651472,0.124989987
2025-10-09 15:30:54.441689968,2.066696061240017,0.124989987
2025-10-09 15:30:54.566679955,1.6516955985211075,0.124989987
2025-10-09 15:30:54.691669941,1.346927940410325,0.124989987
2025-10-09 15:30:54.816659927,1.1293434730798244,0.124989987
2025-10-09 15:30:54.941550016,1.0396075949578283,0.124989987
2025-10-09 15:30:55.066540003,1.1926966442549423,0.124989987
2025-10-09 15:30:55.191430092,1.4044010493057173,0.124989987
2025-10-09 15:30:55.316430092,1.417516603004353,0.124989987
2025-10-09 15:30:55.441319942,1.2070181927510455,0.124989987
2025-10-09 15:30:55.566410065,1.0826852749104885,0.124989987
2025-10-09 15:30:55.691299915,1.268127914086351,0.124989987
2025-10-09 15:30:55.816390038,1.4977254075978013,0.124989987
2025-10-09 15:30:55.941279888,1.5532805729603394,0.124989987
2025-10-09 15:30:56.066270113,1.418302079326897,0.124989987
2025-10-09 15:30:56.191169977,1.1716244319883398,0.124989987
2025-10-09 15:30:56.316260099,0.9822665223731285,0.124989987
2025-10-09 15:30:56.441250086,1.1806293962971612,0.124989987
2025-10-09 15:30:56.566339970,1.7700873601585319,0.124989987
2025-10-09 15:30:56.691329956,0.3502124416799659,0.124989987
2025-10-09 15:30:56.816420078,0.3504930145894591,0.124989987
2025-10-09 15:30:56.941309929,0.34993186877047633,0.124989987
2025-10-09 15:30:57.066299915,0.3502124416799662,0.124989987
2025-10-09 15:30:57.191400051,0.3505210718803993,0.124989987
2025-10-09 15:30:57.316390038,0.3502124416799739,0.124989987
2025-10-09 15:30:57.441380024,0.35021244167996674,0.124989987
2025-10-09 15:30:57.566370010,0.3502124416799614,0.124989987
2025-10-09 15:30:57.691359997,0.35021244167997384,0.124989987
2025-10-09 15:30:57.816349983,0.35021244167996485,0.124989987
2025-10-09 15:30:57.941240072,0.34993253680122,0.124989987
2025-10-09 15:30:58.066339970,0.35052040384967015,0.124989987
2025-10-09 15:30:58.191329956,0.35021244167996757,0.124989987
2025-10-09 15:30:58.316319942,0.3502124416799629,0.124989987
2025-10-09 15:30:58.441309929,0.3502124416799741,0.124989987
2025-10-09 15:30:58.566299915,0.35021244167996374,0.124989987
2025-10-09 15:30:58.691299915,0.35024049897091525,0.124989987
2025-10-09 15:30:58.816289902,0.35021244167996574,0.124989987
2025-10-09 15:30:58.941380024,0.3504930145894554,0.124989987
2025-10-09 15:30:59.066370009,0.3502124416799675,0.124989987
2025-10-09 15:30:59.191359997,0.3502124416799671,0.124989987
2025-10-09 15:30:59.316250086,0.34993253680121755,0.124989987
2025-10-09 15:30:59.441250086,0.350240498970925,0.124989987
2025-10-09 15:30:59.566240072,0.35021244167996257,0.124989987
2025-10-09 15:30:59.691230059,2.532144026027548,0.124989987
2025-10-09 15:30:59.816220045,1.8184732542985065,0.124989987
2025-10-09 15:30:59.941210032,1.5495596313149747,0.124989987
2025-10-09 15:31:00.066210032,1.501308264454705,0.124989987
2025-10-09 15:31:00.191200018,1.556651935974449,0.124989987
2025-10-09 15:31:00.316190004,1.5406321060499812,0.124989987
2025-10-09 15:31:00.441179991,1.468868988689597,0.124989987
2025-10-09 15:31:00.566169977,1.264277508301876,0.124989987
2025-10-09 15:31:00.691159964,1.101519165742022,0.124989987
2025-10-09 15:31:00.816149950,1.0130244492548046,0.124989987
2025-10-09 15:31:00.941149950,1.1317996181078167,0.124989987
2025-10-09 15:31:01.066240072,1.2188294299814884,0.124989987
2025-10-09 15:31:01.191230059,1.3829367854840655,0.124989987
2025-10-09 15:31:01.316220045,1.5242840683117438,0.124989987
2025-10-09 15:31:01.441210032,1.6910255421317562,0.124989987
2025-10-09 15:31:01.566200018,1.77523952466984,0.124989987
2025-10-09 15:31:01.691200018,1.7541965377342985,0.124989987
2025-10-09 15:31:01.816190004,1.6127834889686836,0.124989987
2025-10-09 15:31:01.941179991,1.4421632227369414,0.124989987
2025-10-09 15:31:02.066169977,1.3333507358062242,0.124989987
2025-10-09 15:31:02.191159964,1.3184205884822944,0.124989987
2025-10-09 15:31:02.316149950,1.3388565269617205,0.124989987
2025-10-09 15:31:02.441139936,1.3727594038869304,0.124989987
2025-10-09 15:31:02.566139936,1.4240884603131225,0.124989987
2025-10-09 15:31:02.691129923,1.5602541090912083,0.124989987
2025-10-09 15:31:02.816020012,1.8626352600007337,0.124989987
2025-10-09 15:31:02.941009998,2.0067750989348556,0.124989987
2025-10-09 15:31:03.065999985,1.8836148970883089,0.124989987
2025-10-09 15:31:03.190989971,1.5822729119004724,0.124989987
2025-10-09 15:31:03.315979958,1.444934076806274,0.124989987
2025-10-09 15:31:03.440969944,1.7529131030253613,0.124989987
2025-10-09 15:31:03.565870047,2.030363470040524,0.124989987
2025-10-09 15:31:03.690860033,2.1318162528233993,0.124989987
2025-10-09 15:31:03.815749884,2.014504952787409,0.124989987
2025-10-09 15:31:03.940740108,1.8578305121320944,0.124989987
2025-10-09 15:31:04.065730095,1.6791196806005224,0.124989987
2025-10-09 15:31:04.190720081,1.4276290742969617,0.124989987
2025-10-09 15:31:04.315710068,1.2195147963149116,0.124989987
2025-10-09 15:31:04.440710068,1.1877923483925965,0.124989987
2025-10-09 15:31:04.565599918,1.2253901322884888,0.124989987
2025-10-09 15:31:04.690690041,1.1308640830015781,0.124989987
2025-10-09 15:31:04.815680027,0.9503941308899166,0.124989987
2025-10-09 15:31:04.940769911,0.9632803946473738,0.124989987
2025-10-09 15:31:05.065759897,1.1204935290446794,0.124989987
2025-10-09 15:31:05.190759897,1.1105571554368554,0.124989987
2025-10-09 15:31:05.315749884,1.1039633656738796,0.124989987
2025-10-09 15:31:05.440740108,1.2038970945973746,0.124989987
2025-10-09 15:31:05.565629959,1.3705874855626694,0.124989987
2025-10-09 15:31:05.690819979,1.5924950389640151,0.124989987
2025-10-09 15:31:05.815609932,1.7710743713294483,0.124989987
2025-10-09 15:31:05.940700054,1.903006394173703,0.124989987
2025-10-09 15:31:06.065700053,2.005819453496002,0.124989987
2025-10-09 15:31:06.190789938,2.1203180356083378,0.124989987
2025-10-09 15:31:06.315680027,2.2375385599698605,0.124989987
2025-10-09 15:31:06.440870047,2.2004650394727934,0.124989987
2025-10-09 15:31:06.565660000,2.043215246239857,0.124989987
2025-10-09 15:31:06.690850019,2.234277742429978,0.124989987
2025-10-09 15:31:06.815639973,2.8919122927167074,0.124989987
2025-10-09 15:31:06.940740108,3.407232133519669,0.124989987
2025-10-09 15:31:07.065629959,3.230816239492119,0.124989987
2025-10-09 15:31:07.190720081,2.464148398088881,0.124989987
2025-10-09 15:31:07.315710068,1.8715671050656986,0.124989987
2025-10-09 15:31:07.440599918,2.3717345958848344,0.124989987
2025-10-09 15:31:07.565589905,3.078592301258482,0.124989987
2025-10-09 15:31:07.690579891,3.2220518038163206,0.124989987
2025-10-09 15:31:07.815579891,2.71975082109722,0.124989987
2025-10-09 15:31:07.940670013,1.8941577094051594,0.124989987
2025-10-09 15:31:08.065659999,1.1118417707070551,0.124989987
2025-10-09 15:31:08.190649986,0.9400999581991268,0.124989987
2025-10-09 15:31:08.315639973,1.857566087188017,0.124989987
2025-10-09 15:31:08.440629959,2.827724210037641,0.124989987
2025-10-09 15:31:08.565619946,3.2747502641038135,0.124989987
2025-10-09 15:31:08.690619946,2.8437739411349146,0.124989987
2025-10-09 15:31:08.815609932,1.7667320212044035,0.124989987
2025-10-09 15:31:08.940599918,1.197692857646734,0.124989987
2025-10-09 15:31:09.065589905,2.1533681932542335,0.124989987
2025-10-09 15:31:09.190579891,2.8838556865228187,0.124989987
2025-10-09 15:31:09.315570116,2.8924497047675692,0.124989987
2025-10-09 15:31:09.440560102,2.3143034297796827,0.124989987
2025-10-09 15:31:09.565550089,1.5885904747058004,0.124989987
2025-10-09 15:31:09.690540075,1.1225198453849268,0.124989987
2025-10-09 15:31:09.815540075,1.039865098153121,0.124989987
2025-10-09 15:31:09.940530062,1.078217243045204,0.124989987
2025-10-09 15:31:10.065619946,1.0018315426607407,0.124989987
2025-10-09 15:31:10.190609932,0.8411517684995973,0.124989987
2025-10-09 15:31:10.315599918,0.7914426380427073,0.124989987
2025-10-09 15:31:10.440589905,0.8541768178562328,0.124989987
2025-10-09 15:31:10.565589905,0.9533081311150138,0.124989987
2025-10-09 15:31:10.690579891,1.067369835936448,0.124989987
2025-10-09 15:31:10.815469980,1.1261060723022498,0.124989987
2025-10-09 15:31:10.940459967,1.0868423860095815,0.124989987
2025-10-09 15:31:11.065449953,0.9893599727530925,0.124989987
2025-10-09 15:31:11.190439939,0.9124133182511094,0.124989987
2025-10-09 15:31:11.315530062,0.876188061822917,0.124989987
2025-10-09 15:31:11.440530062,0.8366842458376996,0.124989987
2025-10-09 15:31:11.565419912,0.8039504560021096,0.124989987
2025-10-09 15:31:11.690409899,0.7715504577543842,0.124989987
2025-10-09 15:31:11.815399885,0.7505063986476064,0.124989987
2025-10-09 15:31:11.940390110,0.720826138181046,0.124989987
2025-10-09 15:31:12.065380096,0.8202673780079272,0.124989987
2025-10-09 15:31:12.190380096,1.173639543184789,0.124989987
2025-10-09 15:31:12.315269947,1.6081340235508979,0.124989987
2025-10-09 15:31:12.440259933,1.824934273607135,0.124989987
2025-10-09 15:31:12.565150023,1.6804029315681996,0.124989987
2025-10-09 15:31:12.690150023,1.2895233035129685,0.124989987
2025-10-09 15:31:12.815140009,1.0587904517840157,0.124989987
2025-10-09 15:31:12.940129995,1.223104874979656,0.124989987
2025-10-09 15:31:13.065020084,1.4375534769360754,0.124989987
2025-10-09 15:31:13.190010071,1.518525427528298,0.124989987
2025-10-09 15:31:13.315000057,1.5251730991130155,0.124989987
2025-10-09 15:31:13.440000057,1.519938838091849,0.124989987
2025-10-09 15:31:13.564889908,1.5305986349686842,0.124989987
2025-10-09 15:31:13.689779997,1.5577127447222097,0.124989987
2025-10-09 15:31:13.815069914,1.5792254060437354,0.124989987
2025-10-09 15:31:13.939960003,1.7338801945881381,0.124989987
2025-10-09 15:31:14.065059900,2.055024331130899,0.124989987
2025-10-09 15:31:14.189949989,2.2595400715627947,0.124989987
2025-10-09 15:31:14.314939976,2.0827815244537775,0.124989987
2025-10-09 15:31:14.439830065,1.591021361719257,0.124989987
2025-10-09 15:31:14.564919949,1.4293039121012718,0.124989987
2025-10-09 15:31:14.689810038,1.8954323218358389,0.124989987
2025-10-09 15:31:14.814899921,2.3178498104456637,0.124989987
2025-10-09 15:31:14.939800024,2.366748755719331,0.124989987
2025-10-09 15:31:15.064990044,2.0737179378714936,0.124989987
2025-10-09 15:31:15.189879894,1.69845216014788,0.124989987
2025-10-09 15:31:15.315069914,1.4027516096019996,0.124989987
2025-10-09 15:31:15.439960003,1.2263454228699189,0.124989987
2025-10-09 15:31:15.564949989,1.1398893337837668,0.124989987
2025-10-09 15:31:15.689840078,1.2288368149644606,0.124989987
2025-10-09 15:31:15.814939976,1.4866636600835441,0.124989987
2025-10-09 15:31:15.939830065,0.09819932599782227,0.124989987
2025-10-09 15:31:16.064820051,0.09827787391076065,0.124989987
2025-10-09 15:31:16.189709902,0.09819913853263616,0.124989987
2025-10-09 15:31:16.314899921,0.09843515720183536,0.124989987
2025-10-09 15:31:16.439790010,0.09819932599782633,0.124989987
2025-10-09 15:31:16.564879894,0.09835642182369639,0.124989987
2025-10-09 15:31:16.689779997,0.0982071995356403,0.124989987
2025-10-09 15:31:16.814970016,0.09843515720183367,0.124989987
2025-10-09 15:31:16.939860106,0.0981993259978228,0.124989987
2025-10-09 15:31:17.064949989,0.09835642182369961,0.124989987
2025-10-09 15:31:17.189840078,0.09819932599782297,0.124989987
2025-10-09 15:31:17.314830065,0.09827787391076784,0.124989987
2025-10-09 15:31:17.439729929,0.09820701207044223,0.124989987
2025-10-09 15:31:17.564820051,0.0983566092888977,0.124989987
2025-10-09 15:31:17.689709902,0.09819913853263029,0.124989987
2025-10-09 15:31:17.814899921,0.09843515720183409,0.124989987
2025-10-09 15:31:17.939790010,0.09819932599782429,0.124989987
2025-10-09 15:31:18.065079926,0.09851370511477815,0.124989987
2025-10-09 15:31:18.189870119,0.09812077808487754,0.124989987
2025-10-09 15:31:18.314870119,0.09828574744857198,0.124989987
2025-10-09 15:31:18.439759970,0.09819913853264212,0.124989987
2025-10-09 15:31:18.564850092,0.09835660928889016,0.124989987
2025-10-09 15:31:18.689739943,0.09819913853263276,0.124989987
2025-10-09 15:31:18.814830065,0.09835660928889269,0.124989987
2025-10-09 15:31:18.939719915,0.09819913853264135,0.124989987
2025-10-09 15:31:19.064820051,0.09836448282669899,0.124989987
2025-10-09 15:31:19.189709902,0.0981991385326392,0.124989987
2025-10-09 15:31:19.314800024,0.09835660928888806,0.124989987
2025-10-09 15:31:19.439589977,0.09812059061969203,0.124989987
2025-10-09 15:31:19.564680099,0.09835660928889259,0.124989987
2025-10-09 15:31:19.689769983,0.09835642182370583,0.124989987
2025-10-09 15:31:19.814670086,0.09820719953563851,0.124989987
2025-10-09 15:31:19.939559937,0.09819913853262885,0.124989987
2025-10-09 15:31:20.064650058,0.09835660928889364,0.124989987
2025-10-09 15:31:20.189650059,0.09828574744857588,0.124989987
2025-10-09 15:31:20.314739943,0.09835642182370394,0.124989987
2025-10-09 15:31:20.439529896,0.09812059061969505,0.124989987
2025-10-09 15:31:20.564620018,0.09835660928889674,0.124989987
2025-10-09 15:31:20.689409971,0.09812059061968867,0.124989987
2025-10-09 15:31:20.814500093,0.09835660928889273,0.124989987
2025-10-09 15:31:20.939399958,0.0982070120704481,0.124989987
2025-10-09 15:31:21.064490080,0.09835660928889074,0.124989987
2025-10-09 15:31:21.189280033,0.09812059061969344,0.124989987
2025-10-09 15:31:21.314369917,0.09835642182370673,0.124989987
2025-10-09 15:31:21.439359903,0.0982778739107623,0.124989987
2025-10-09 15:31:21.564359903,0.09828574744857664,0.124989987
2025-10-09 15:31:21.689150095,0.09812077808487302,0.124989987
2025-10-09 15:31:21.814239979,0.09835642182371178,0.124989987
2025-10-09 15:31:21.939229965,0.09827787391076474,0.124989987
2025-10-09 15:31:22.064320087,0.0983566092888924,0.124989987
2025-10-09 15:31:22.189110041,0.09812059061968792,0.124989987
2025-10-09 15:31:22.314209938,0.09836429536151842,0.124989987
2025-10-09 15:31:22.439300060,0.09835660928889892,0.124989987
2025-10-09 15:31:22.564389944,0.09835642182369557,0.124989987
2025-10-09 15:31:22.689379930,0.09827787391077146,0.124989987
2025-10-09 15:31:22.814480066,0.09836448282670227,0.124989987
2025-10-09 15:31:22.939680099,0.0984430307396499,0.124989987
2025-10-09 15:31:23.064680099,0.09828574744857886,0.124989987
2025-10-09 15:31:23.189369917,0.09804185524156198,0.124989987
2025-10-09 15:31:23.314559937,0.09843515720183216,0.124989987
2025-10-09 15:31:23.439260006,0.09804991624456187,0.124989987
2025-10-09 15:31:23.564349890,0.0983564218237085,0.124989987
2025-10-09 15:31:23.689239979,0.09819932599782046,0.124989987
2025-10-09 15:31:23.814330101,0.09835660928889121,0.124989987
2025-10-09 15:31:23.939320087,0.09827787391077014,0.124989987
2025-10-09 15:31:24.064409971,0.09835642182369964,0.124989987
2025-10-09 15:31:24.189300060,0.0981993259978238,0.124989987
2025-10-09 15:31:24.314399958,0.0983642953615194,0.124989987
2025-10-09 15:31:24.439290047,0.09819932599781854,0.124989987
2025-10-09 15:31:24.564379930,0.09835642182370412,0.124989987
2025-10-09 15:31:24.689270020,0.09819932599782594,0.124989987
2025-10-09 15:31:24.814359903,0.09835642182370204,0.124989987
2025-10-09 15:31:24.939150095,0.0981207780848816,0.124989987
2025-10-09 15:31:25.064239979,0.09835642182370555,0.124989987
2025-10-09 15:31:25.189039946,0.09812846415750327,0.124989987
2025-10-09 15:31:25.314130068,1.321443905361858,0.124989987
2025-10-09 15:31:25.439120054,1.1431225149960962,0.124989987
2025-10-09 15:31:25.564209938,1.1429814794711244,0.124989987
2025-10-09 15:31:25.688999891,1.1396500664024025,0.124989987
2025-10-09 15:31:25.814090014,1.1386584787836957,0.124989987
2025-10-09 15:31:25.938990116,1.3233500775316407,0.124989987
2025-10-09 15:31:26.064080000,1.7270724980089862,0.124989987
2025-10-09 15:31:26.188970089,2.077333476505638,0.124989987
2025-10-09 15:31:26.314059973,2.1300151576909023,0.124989987
2025-10-09 15:31:26.438950062,1.8980878351867703,0.124989987
2025-10-09 15:31:26.564039946,1.7850632490435738,0.124989987
2025-10-09 15:31:26.689140081,2.063619887723027,0.124989987
2025-10-09 15:31:26.814229965,2.4282321065277097,0.124989987
2025-10-09 15:31:26.939120054,2.503856561567775,0.124989987
2025-10-09 15:31:27.064209937,2.2333055940079047,0.124989987
2025-10-09 15:31:27.189100027,1.663564658704314,0.124989987
2025-10-09 15:31:27.314189911,1.3142934550791918,0.124989987
2025-10-09 15:31:27.439189911,1.4816107899006408,0.124989987
2025-10-09 15:31:27.564280033,1.6976355568604826,0.124989987
2025-10-09 15:31:27.689069986,1.6141051223015186,0.124989987
2025-10-09 15:31:27.814160109,1.3462793014222567,0.124989987
2025-10-09 15:31:27.939049959,1.2375845929842533,0.124989987
2025-10-09 15:31:28.064150095,1.456597827727338,0.124989987
2025-10-09 15:31:28.189039946,1.8377413570151815,0.124989987
2025-10-09 15:31:28.314229965,2.0838120955546833,0.124989987
2025-10-09 15:31:28.439019918,2.0775176816049004,0.124989987
2025-10-09 15:31:28.564110041,1.8049776299325706,0.124989987
2025-10-09 15:31:28.688999891,1.3377364551857738,0.124989987
2025-10-09 15:31:28.813999891,1.0275855434867698,0.124989987
2025-10-09 15:31:28.938889980,1.2848868327129048,0.124989987
2025-10-09 15:31:29.063879966,1.5924546531681834,0.124989987
2025-10-09 15:31:29.188770056,1.6182848480805225,0.124989987
2025-10-09 15:31:29.313770056,1.3997346038028067,0.124989987
2025-10-09 15:31:29.438659906,1.2493166460445486,0.124989987
2025-10-09 15:31:29.563750029,1.244629833197405,0.124989987
2025-10-09 15:31:29.688640118,1.2149876268361748,0.124989987
2025-10-09 15:31:29.813630104,1.0141873652506226,0.124989987
2025-10-09 15:31:29.938620090,0.9518957424366389,0.124989987
2025-10-09 15:31:30.063620090,0.5623104677965995,0.124989987
2025-10-09 15:31:30.188509941,0.561814962585493,0.124989987
2025-10-09 15:31:30.313499928,0.5622654218683191,0.124989987
2025-10-09 15:31:30.438390017,0.5618160351075896,0.124989987
2025-10-09 15:31:30.563580036,0.5631652679118673,0.124989987
2025-10-09 15:31:30.688580036,0.5623104677966075,0.124989987
2025-10-09 15:31:30.813570023,0.5622654218683129,0.124989987
2025-10-09 15:31:30.938460112,0.5618160351075911,0.124989987
2025-10-09 15:31:31.063549995,0.5627148086290477,0.124989987
2025-10-09 15:31:31.188440084,0.5618160351075887,0.124989987
2025-10-09 15:31:31.313630104,0.5631652679118765,0.124989987
2025-10-09 15:31:31.438529968,0.5618600085137705,0.124989987
2025-10-09 15:31:31.563620090,0.5627158811511412,0.124989987
2025-10-09 15:31:31.688509941,0.5618149625854951,0.124989987
2025-10-09 15:31:31.813600063,0.5627158811511452,0.124989987
2025-10-09 15:31:31.938489914,0.5618149625854895,0.124989987
2025-10-09 15:31:32.063580036,0.5627158811511402,0.124989987
2025-10-09 15:31:32.188469887,2.824082388770023,0.124989987
2025-10-09 15:31:32.313570023,3.361668969899773,0.124989987
2025-10-09 15:31:32.438460112,3.552401927665984,0.124989987
2025-10-09 15:31:32.563649893,3.391208612172952,0.124989987
2025-10-09 15:31:32.688539982,2.9567022118334814,0.124989987
2025-10-09 15:31:32.813529968,2.491504686499104,0.124989987
2025-10-09 15:31:32.938420057,2.3683538226037935,0.124989987
2025-10-09 15:31:33.063620090,2.376358730427499,0.124989987
2025-10-09 15:31:33.188509941,2.227468401023234,0.124989987
2025-10-09 15:31:33.313499928,2.703220739263444,0.124989987
2025-10-09 15:31:33.438489914,4.077299228866579,0.124989987
2025-10-09 15:31:33.563580036,5.101078136315205,0.124989987
2025-10-09 15:31:33.688469887,4.940538096683396,0.124989987
2025-10-09 15:31:33.813469887,3.5696529185901262,0.124989987
2025-10-09 15:31:33.938359976,2.4946854794673023,0.124989987
2025-10-09 15:31:34.063450098,3.0741568535435855,0.124989987
2025-10-09 15:31:34.188339949,3.942403676175108,0.124989987
2025-10-09 15:31:34.313529968,4.444281327431692,0.124989987
2025-10-09 15:31:34.438430071,4.757944675160274,0.124989987
2025-10-09 15:31:34.563519955,4.781271711675462,0.124989987
2025-10-09 15:31:34.688410044,4.134071237809165,0.124989987
2025-10-09 15:31:34.813499928,2.8740481881419457,0.124989987
2025-10-09 15:31:34.938390017,2.1701056569939174,0.124989987
2025-10-09 15:31:35.063380003,3.026916997418826,0.124989987
2025-10-09 15:31:35.188280106,3.5960287239129496,0.124989987
2025-10-09 15:31:35.313369989,3.1064258920733967,0.124989987
2025-10-09 15:31:35.438260078,2.933131300020168,0.124989987
2025-10-09 15:31:35.563349962,5.17171971584269,0.124989987
2025-10-09 15:31:35.688240051,7.5900217516432065,0.124989987
2025-10-09 15:31:35.813329935,8.29433074492415,0.124989987
2025-10-09 15:31:35.938230038,6.727547278914359,0.124989987
2025-10-09 15:31:36.063319921,3.625464123205193,0.124989987
2025-10-09 15:31:36.188210011,3.0127955766940113,0.124989987
2025-10-09 15:31:36.313299894,6.038053698563553,0.124989987
2025-10-09 15:31:36.438299894,7.937627258402854,0.124989987
2025-10-09 15:31:36.563390017,7.832086000409214,0.124989987
2025-10-09 15:31:36.688280106,5.9616346358481245,0.124989987
2025-10-09 15:31:36.813369989,3.2377985263156814,0.124989987
2025-10-09 15:31:36.938260078,2.9461497095840197,0.124989987
2025-10-09 15:31:37.063349961,5.288863502447287,0.124989987
2025-10-09 15:31:37.188149929,6.860390549693582,0.124989987
2025-10-09 15:31:37.313240051,6.739640180377658,0.124989987
2025-10-09 15:31:37.438030005,4.923372742460396,0.124989987
2025-10-09 15:31:37.563119888,2.1960932752283098,0.124989987
2025-10-09 15:31:37.687910080,1.8435481015435964,0.124989987
2025-10-09 15:31:37.812999964,3.775625188838003,0.124989987
2025-10-09 15:31:37.937900066,4.810534104393607,0.124989987
2025-10-09 15:31:38.062989950,4.97702023812783,0.124989987
2025-10-09 15:31:38.187880039,4.747456793351362,0.124989987
2025-10-09 15:31:38.312969923,4.477747573496858,0.124989987
2025-10-09 15:31:38.437959909,4.2252059390081795,0.124989987
2025-10-09 15:31:38.563050032,3.8367955213296154,0.124989987
2025-10-09 15:31:38.687849998,3.177825212113467,0.124989987
2025-10-09 15:31:38.812939882,2.4042199672698423,0.124989987
2025-10-09 15:31:38.937829971,1.7891350415748388,0.124989987
2025-10-09 15:31:39.062920093,1.4292763365993995,0.124989987
2025-10-09 15:31:39.188009977,1.368597568923385,0.124989987
2025-10-09 15:31:39.313100100,1.653312519769629,0.124989987
2025-10-09 15:31:39.437890053,2.0322300313921158,0.124989987
2025-10-09 15:31:39.562989950,2.212927697511828,0.124989987
2025-10-09 15:31:39.687880039,2.0363882436939673,0.124989987
2025-10-09 15:31:39.812969923,1.5327373828376472,0.124989987
2025-10-09 15:31:39.937860012,1.2724859200368388,0.124989987
2025-10-09 15:31:40.062959908,1.697269482738967,0.124989987
2025-10-09 15:31:40.187949896,2.0701860507410923,0.124989987
2025-10-09 15:31:40.312939882,1.9931712591425756,0.124989987
2025-10-09 15:31:40.437930107,1.6110010824338385,0.124989987
2025-10-09 15:31:40.562920094,1.306549917694307,0.124989987
2025-10-09 15:31:40.688009977,1.245008532626584,0.124989987
2025-10-09 15:31:40.813009977,1.2961782688002448,0.124989987
2025-10-09 15:31:40.937900066,1.5470951384119855,0.124989987
2025-10-09 15:31:41.062989950,2.08853755394271,0.124989987
2025-10-09 15:31:41.187979937,2.569774332793835,0.124989987
2025-10-09 15:31:41.312969923,2.547529666629419,0.124989987
2025-10-09 15:31:41.437969923,1.936524664887592,0.124989987
2025-10-09 15:31:41.562959909,1.2390598116576133,0.124989987
2025-10-09 15:31:41.687949896,1.5294127757077225,0.124989987
2025-10-09 15:31:41.812939882,2.302654940231601,0.124989987
2025-10-09 15:31:41.937930107,2.7314098464758088,0.124989987
2025-10-09 15:31:42.062920093,2.5884491658570385,0.124989987
2025-10-09 15:31:42.187920094,1.9664972549319768,0.124989987
2025-10-09 15:31:42.312910080,1.435211603205604,0.124989987
2025-10-09 15:31:42.437900066,1.7881499818245115,0.124989987
2025-10-09 15:31:42.562890053,2.348949645514139,0.124989987
2025-10-09 15:31:42.687880039,2.3318128077446523,0.124989987
2025-10-09 15:31:42.812769890,1.7789608201213991,0.124989987
2025-10-09 15:31:42.937769890,1.9233576374673533,0.124989987
2025-10-09 15:31:43.062659979,3.2051919189802036,0.124989987
2025-10-09 15:31:43.187649965,4.482630221173948,0.124989987
2025-10-09 15:31:43.312540054,5.174682187479536,0.124989987
2025-10-09 15:31:43.437629938,5.242069634296077,0.124989987
2025-10-09 15:31:43.562530041,4.9227462385174805,0.124989987
2025-10-09 15:31:43.687619925,4.506513901234967,0.124989987
2025-10-09 15:31:43.812710047,3.964749565939696,0.124989987
2025-10-09 15:31:43.937700033,3.356572956533643,0.124989987
2025-10-09 15:31:44.062489986,2.9489097954756094,0.124989987
2025-10-09 15:31:44.187680006,2.7799569185670845,0.124989987
2025-10-09 15:31:44.312580109,2.996339836607323,0.124989987
2025-10-09 15:31:44.437570095,3.9685407424044428,0.124989987
2025-10-09 15:31:44.562560081,4.980910834346565,0.124989987
2025-10-09 15:31:44.687649965,5.035335087972398,0.124989987
2025-10-09 15:31:44.812540054,4.11870421881907,0.124989987
2025-10-09 15:31:44.937740088,4.41137605565973,0.124989987
2025-10-09 15:31:45.062530040,6.968664365789115,0.124989987
2025-10-09 15:31:45.187720060,9.10656279787363,0.124989987
2025-10-09 15:31:45.312710047,9.438315521762396,0.124989987
2025-10-09 15:31:45.437700033,8.091123987012189,0.124989987
2025-10-09 15:31:45.562599897,6.225861230205584,0.124989987
2025-10-09 15:31:45.687489986,5.710634159171204,0.124989987
2025-10-09 15:31:45.812479973,6.8492449442269185,0.124989987
2025-10-09 15:31:45.937469959,8.07979744769917,0.124989987
2025-10-09 15:31:46.062459946,8.520629140194345,0.124989987
2025-10-09 15:31:46.187550068,8.219651840630112,0.124989987
2025-10-09 15:31:46.312550068,7.477866319289747,0.124989987
2025-10-09 15:31:46.437540054,6.469069083365164,0.124989987
2025-10-09 15:31:46.562530041,5.338081167233971,0.124989987
2025-10-09 15:31:46.687419891,4.123724248609866,0.124989987
2025-10-09 15:31:46.812419891,2.847014802503668,0.124989987
2025-10-09 15:31:46.937410116,1.8235789751554494,0.124989987
2025-10-09 15:31:47.062400103,1.3477869614471718,0.124989987
2025-10-09 15:31:47.187390089,1.2704915783467439,0.124989987
2025-10-09 15:31:47.312380075,1.3238410413134953,0.124989987
2025-10-09 15:31:47.437370062,1.4471377203735656,0.124989987
2025-10-09 15:31:47.562370062,1.5735783804675887,0.124989987
2025-10-09 15:31:47.687360048,1.523068409498733,0.124989987
2025-10-09 15:31:47.812350035,1.2829703650996775,0.124989987
2025-10-09 15:31:47.937340021,1.106252553247223,0.124989987
2025-10-09 15:31:48.062330008,1.214871308167248,0.124989987
2025-10-09 15:31:48.187220097,1.4507675922455672,0.124989987
2025-10-09 15:31:48.312220097,1.6033860790826393,0.124989987
2025-10-09 15:31:48.437210083,1.6643794900226332,0.124989987
2025-10-09 15:31:48.562200069,1.641954298214783,0.124989987
2025-10-09 15:31:48.687190056,1.5899003995162717,0.124989987
2025-10-09 15:31:48.812180042,1.5550032008208214,0.124989987
2025-10-09 15:31:48.937069893,1.5620059088127676,0.124989987
2025-10-09 15:31:49.062069893,1.5856510670024473,0.124989987
2025-10-09 15:31:49.187160015,1.6916127560263314,0.124989987
2025-10-09 15:31:49.312150002,1.904428083989259,0.124989987
2025-10-09 15:31:49.437040091,2.0361310018186454,0.124989987
2025-10-09 15:31:49.562030077,1.9775797848901067,0.124989987
2025-10-09 15:31:49.687119961,1.8110860992987052,0.124989987
2025-10-09 15:31:49.812119961,1.830642048201122,0.124989987
2025-10-09 15:31:49.937109947,1.9735604447834882,0.124989987
2025-10-09 15:31:50.062099934,1.9112671621853392,0.124989987
2025-10-09 15:31:50.187089920,1.741927000289909,0.124989987
2025-10-09 15:31:50.312079906,1.8186205106442632,0.124989987
2025-10-09 15:31:50.437079906,2.1442690326381624,0.124989987
2025-10-09 15:31:50.562170029,2.2611330638370224,0.124989987
2025-10-09 15:31:50.687160015,2.012885778310831,0.124989987
2025-10-09 15:31:50.812249899,1.72692728877883,0.124989987
2025-10-09 15:31:50.937139988,1.766966384314371,0.124989987
2025-10-09 15:31:51.062040091,2.038550418486626,0.124989987
2025-10-09 15:31:51.187030077,2.2665957687781475,0.124989987
2025-10-09 15:31:51.312220097,2.514589940983619,0.124989987
2025-10-09 15:31:51.437210083,2.8020196368976427,0.124989987
2025-10-09 15:31:51.562109947,3.066628313874703,0.124989987
2025-10-09 15:31:51.687099934,3.1772253888189925,0.124989987
2025-10-09 15:31:51.811990023,3.1462748297656704,0.124989987
2025-10-09 15:31:51.936980009,3.030253553117133,0.124989987
2025-10-09 15:31:52.062069893,2.8814735269235072,0.124989987
2025-10-09 15:31:52.187069893,2.7555326196256504,0.124989987
2025-10-09 15:31:52.312060118,2.7433647097628127,0.124989987
2025-10-09 15:31:52.437050104,2.8517366525410446,0.124989987
2025-10-09 15:31:52.562040091,3.080089542440771,0.124989987
2025-10-09 15:31:52.687030077,3.4134480207305047,0.124989987
2025-10-09 15:31:52.812020063,4.034012941096868,0.124989987
2025-10-09 15:31:52.937020063,5.30956055509964,0.124989987
2025-10-09 15:31:53.062010050,6.928736210003235,0.124989987
2025-10-09 15:31:53.187000036,7.738067619813361,0.124989987
2025-10-09 15:31:53.311990023,6.922284340061596,0.124989987
2025-10-09 15:31:53.436980009,4.687698873308843,0.124989987
2025-10-09 15:31:53.561969995,3.357155658162427,0.124989987
2025-10-09 15:31:53.686969995,5.3812524195649845,0.124989987
2025-10-09 15:31:53.811959982,7.360718989511894,0.124989987
2025-10-09 15:31:53.936949968,7.619104628245762,0.124989987
2025-10-09 15:31:54.061939955,6.00201892176291,0.124989987
2025-10-09 15:31:54.186929941,3.9239661453813546,0.124989987
2025-10-09 15:31:54.311919928,4.838421230414008,0.124989987
2025-10-09 15:31:54.436919928,7.056355281959022,0.124989987
2025-10-09 15:31:54.561810017,7.7484312630146635,0.124989987
2025-10-09 15:31:54.686800003,6.559507224118593,0.124989987
2025-10-09 15:31:54.811889887,4.253590151569729,0.124989987
2025-10-09 15:31:54.936880112,2.8840698907868028,0.124989987
2025-10-09 15:31:55.061870098,4.305757915793455,0.124989987
2025-10-09 15:31:55.186969995,5.82051449919352,0.124989987
2025-10-09 15:31:55.311860085,6.327512911120135,0.124989987
2025-10-09 15:31:55.436850071,5.974732675556121,0.124989987
2025-10-09 15:31:55.561840057,5.248487525747202,0.124989987
2025-10-09 15:31:55.686840057,4.558915754699905,0.124989987
2025-10-09 15:31:55.811729908,4.023279057100687,0.124989987
2025-10-09 15:31:55.936719894,3.5875343855748616,0.124989987
2025-10-09 15:31:56.061709881,3.481109406527609,0.124989987
2025-10-09 15:31:56.186709881,3.854971560570194,0.124989987
2025-10-09 15:31:56.311599970,4.290869309261936,0.124989987
2025-10-09 15:31:56.436589956,4.413055165292861,0.124989987
2025-10-09 15:31:56.561480045,4.021934279242762,0.124989987
2025-10-09 15:31:56.686470032,3.4486632738359653,0.124989987
2025-10-09 15:31:56.811569929,3.417408557076253,0.124989987
2025-10-09 15:31:56.936559916,4.2604914814898995,0.124989987
2025-10-09 15:31:57.061549902,5.113584715244385,0.124989987
2025-10-09 15:31:57.186539888,5.161822810983151,0.124989987
2025-10-09 15:31:57.311539888,4.444546616641455,0.124989987
2025-10-09 15:31:57.436530113,3.567934248103796,0.124989987
2025-10-09 15:31:57.561520100,2.8953864225453563,0.124989987
2025-10-09 15:31:57.686510086,2.4373026981243013,0.124989987
2025-10-09 15:31:57.811500072,3.1668331096233975,0.124989987
2025-10-09 15:31:57.936500072,4.670133795282743,0.124989987
2025-10-09 15:31:58.061490059,5.48021004706973,0.124989987
2025-10-09 15:31:58.186579943,4.795274718188626,0.124989987
2025-10-09 15:31:58.311569929,3.1520960267996267,0.124989987
2025-10-09 15:31:58.436559916,3.2392650521731006,0.124989987
2025-10-09 15:31:58.561450005,5.02896643570585,0.124989987
2025-10-09 15:31:58.686549902,6.149395157134887,0.124989987
2025-10-09 15:31:58.811539888,6.009031218525745,0.124989987
2025-10-09 15:31:58.936530113,5.028726419993635,0.124989987
2025-10-09 15:31:59.061520100,3.930761160221134,0.124989987
2025-10-09 15:31:59.186510086,2.9979219163135324,0.124989987
2025-10-09 15:31:59.311510086,2.3082086706233906,0.124989987
2025-10-09 15:31:59.436500072,2.2858960244676485,0.124989987
2025-10-09 15:31:59.561490059,2.9638463455322714,0.124989987
2025-10-09 15:31:59.686379910,3.589005753457495,0.124989987
2025-10-09 15:31:59.811369896,3.612641858564034,0.124989987
2025-10-09 15:31:59.936369896,2.837225562473488,0.124989987
2025-10-09 15:32:00.061359882,1.7682698988115477,0.124989987
2025-10-09 15:32:00.186350107,2.1081672499991546,0.124989987
2025-10-09 15:32:00.311340094,3.098882464980078,0.124989987
2025-10-09 15:32:00.436429977,3.5443086724685813,0.124989987
2025-10-09 15:32:00.561429977,3.3471454598291666,0.124989987
2025-10-09 15:32:00.686419964,2.9239150275199512,0.124989987
2025-10-09 15:32:00.811409950,3.1501247631438347,0.124989987
2025-10-09 15:32:00.936399937,4.008461663677476,0.124989987
2025-10-09 15:32:01.061389923,4.590662591394406,0.124989987
2025-10-09 15:32:01.186389923,4.392991271050285,0.124989987
2025-10-09 15:32:01.311379910,3.6033490770395806,0.124989987
2025-10-09 15:32:01.436369896,3.0689978118960917,0.124989987
2025-10-09 15:32:01.561359882,3.260092020624571,0.124989987
2025-10-09 15:32:01.686359882,3.3340214606755305,0.124989987
2025-10-09 15:32:01.811350107,2.7647002840805364,0.124989987
2025-10-09 15:32:01.936340094,2.1570156826576388,0.124989987
2025-10-09 15:32:02.061429977,2.189600210149332,0.124989987
2025-10-09 15:32:02.186419964,2.195942017280967,0.124989987
2025-10-09 15:32:02.311419964,1.8184649685778935,0.124989987
2025-10-09 15:32:02.436409950,2.0964017321870836,0.124989987
2025-10-09 15:32:02.561399937,3.2708960113685968,0.124989987
2025-10-09 15:32:02.686290026,4.1195933269095875,0.124989987
2025-10-09 15:32:02.811280012,4.108807916033311,0.124989987
2025-10-09 15:32:02.936280012,3.3490973605064096,0.124989987
2025-10-09 15:32:03.061269999,2.2990417599965425,0.124989987
2025-10-09 15:32:03.186160088,1.7576306513070372,0.124989987
2025-10-09 15:32:03.311150074,1.931030296052343,0.124989987
2025-10-09 15:32:03.436039925,2.080629069583043,0.124989987
2025-10-09 15:32:03.561039925,1.9118702375592864,0.124989987
2025-10-09 15:32:03.686029911,1.5460143328730813,0.124989987
2025-10-09 15:32:03.811019897,1.5572699102499865,0.124989987
2025-10-09 15:32:03.936009884,2.2010761011053206,0.124989987
2025-10-09 15:32:04.061110020,2.9371080090429085,0.124989987
2025-10-09 15:32:04.185899973,3.2684974338871675,0.124989987
2025-10-09 15:32:04.311089993,3.0114532898794892,0.124989987
2025-10-09 15:32:04.435980082,2.267563408732157,0.124989987
2025-10-09 15:32:04.560980082,1.7676999304002363,0.124989987
2025-10-09 15:32:04.685970068,2.768478083292154,0.124989987
2025-10-09 15:32:04.811059952,4.2037801750218815,0.124989987
2025-10-09 15:32:04.936049938,4.839873531754833,0.124989987
2025-10-09 15:32:05.061140060,4.328423222515909,0.124989987
2025-10-09 15:32:05.186029911,2.969452112526484,0.124989987
2025-10-09 15:32:05.311130047,1.850074341212266,0.124989987
2025-10-09 15:32:05.436120033,2.445498793215609,0.124989987
2025-10-09 15:32:05.561110020,3.2994738406370185,0.124989987
2025-10-09 15:32:05.686100006,3.6538837980176653,0.124989987
2025-10-09 15:32:05.811000109,3.7381651936702855,0.124989987
2025-10-09 15:32:05.935990095,3.8637547380361754,0.124989987
2025-10-09 15:32:06.060980082,4.076663380165084,0.124989987
2025-10-09 15:32:06.185970068,4.23688238086249,0.124989987
2025-10-09 15:32:06.310960054,4.0624232371636255,0.124989987
2025-10-09 15:32:06.435960054,3.4235802405360682,0.124989987
2025-10-09 15:32:06.561049938,2.6076136968571477,0.124989987
2025-10-09 15:32:06.686039925,2.461081027231123,0.124989987
2025-10-09 15:32:06.810930014,3.2664194867605416,0.124989987
2025-10-09 15:32:06.935920000,4.065673401760525,0.124989987
2025-10-09 15:32:07.060920000,4.451570522634793,0.124989987
2025-10-09 15:32:07.185909986,4.753278977532352,0.124989987
2025-10-09 15:32:07.310899973,5.18918910903438,0.124989987
2025-10-09 15:32:07.435889959,5.2564105612185585,0.124989987
2025-10-09 15:32:07.560879946,4.481282356158446,0.124989987
2025-10-09 15:32:07.685879946,3.436366828594846,0.124989987
2025-10-09 15:32:07.810869932,3.5555713993757743,0.124989987
2025-10-09 15:32:07.935859919,4.560493293252826,0.124989987
2025-10-09 15:32:08.060849905,5.094180255740466,0.124989987
2025-10-09 15:32:08.185739994,4.800682535759473,0.124989987
2025-10-09 15:32:08.310739994,4.218900048620256,0.124989987
2025-10-09 15:32:08.435729980,4.066805595699529,0.124989987
2025-10-09 15:32:08.560719967,4.309574819500643,0.124989987
2025-10-09 15:32:08.685709953,4.338399077401478,0.124989987
2025-10-09 15:32:08.810800076,4.03760095964522,0.124989987
2025-10-09 15:32:08.935699940,3.814742981324954,0.124989987
2025-10-09 15:32:09.060689926,3.893225638002632,0.124989987
2025-10-09 15:32:09.185580015,3.845344436184878,0.124989987
2025-10-09 15:32:09.310570002,3.3821941953023633,0.124989987
2025-10-09 15:32:09.435570002,2.833716238416613,0.124989987
2025-10-09 15:32:09.560460091,2.700521153953066,0.124989987
2025-10-09 15:32:09.685549974,2.601692048857051,0.124989987
2025-10-09 15:32:09.810539961,2.2614311101629867,0.124989987
2025-10-09 15:32:09.935630083,2.2972534062599625,0.124989987
2025-10-09 15:32:10.060529947,2.738574387567189,0.124989987
2025-10-09 15:32:10.185519934,2.8833077643640466,0.124989987
2025-10-09 15:32:10.310410023,2.7550214432274394,0.124989987
2025-10-09 15:32:10.435499907,3.0157484437343247,0.124989987
2025-10-09 15:32:10.560389996,3.6782807373002404,0.124989987
2025-10-09 15:32:10.685580015,3.857840143404986,0.124989987
2025-10-09 15:32:10.810480118,3.415711242805076,0.124989987
2025-10-09 15:32:10.935570002,3.507245549437051,0.124989987
2025-10-09 15:32:11.060460091,4.598099132125035,0.124989987
2025-10-09 15:32:11.185549974,5.420593287599983,0.124989987
2025-10-09 15:32:11.310440063,5.033873849642838,0.124989987
2025-10-09 15:32:11.435640097,3.545608440028171,0.124989987
2025-10-09 15:32:11.560529947,2.705494423338921,0.124989987
2025-10-09 15:32:11.685519934,4.1263972662975625,0.124989987
2025-10-09 15:32:11.810410023,5.541442669950669,0.124989987
2025-10-09 15:32:11.935410023,5.836418071799003,0.124989987
2025-10-09 15:32:12.060300112,5.054277248514272,0.124989987
2025-10-09 15:32:12.185489893,4.095022059641559,0.124989987
2025-10-09 15:32:12.310379982,4.02352273956492,0.124989987
2025-10-09 15:32:12.435470104,4.252405348135687,0.124989987
2025-10-09 15:32:12.560369968,3.930935880650561,0.124989987
2025-10-09 15:32:12.685460091,3.4264415537083073,0.124989987
2025-10-09 15:32:12.810349941,3.4829518726336137,0.124989987
2025-10-09 15:32:12.935339928,3.7169771427583465,0.124989987
2025-10-09 15:32:13.060339928,3.3829522612621954,0.124989987
2025-10-09 15:32:13.185430050,2.319765389467651,0.124989987
2025-10-09 15:32:13.310319901,1.5416756021974924,0.124989987
2025-10-09 15:32:13.435410023,2.493491748389394,0.124989987
2025-10-09 15:32:13.560309887,3.5542680436936664,0.124989987
2025-10-09 15:32:13.685400009,3.9060720354115332,0.124989987
2025-10-09 15:32:13.810290098,3.6045794915204743,0.124989987
2025-10-09 15:32:13.935379982,3.1056472590357065,0.124989987
2025-10-09 15:32:14.060270071,3.1230500204151395,0.124989987
2025-10-09 15:32:14.185369968,3.6222999007267473,0.124989987
2025-10-09 15:32:14.310260057,3.972535459080383,0.124989987
2025-10-09 15:32:14.435349941,3.878161176387336,0.124989987
2025-10-09 15:32:14.560139894,3.4394972742280236,0.124989987
2025-10-09 15:32:14.685230017,2.822666574195578,0.124989987
2025-10-09 15:32:14.810129881,2.3774129524314875,0.124989987
2025-10-09 15:32:14.935420036,2.844811897762311,0.124989987
2025-10-09 15:32:15.060209990,3.843777112597191,0.124989987
2025-10-09 15:32:15.185300112,4.46850379785035,0.124989987
2025-10-09 15:32:15.310100079,4.303157125616608,0.124989987
2025-10-09 15:32:15.435189962,3.494016001937026,0.124989987
2025-10-09 15:32:15.559979916,3.400216390130046,0.124989987
2025-10-09 15:32:15.685070038,5.193017115550843,0.124989987
2025-10-09 15:32:15.809959888,7.218372188665323,0.124989987
2025-10-09 15:32:15.935060024,8.042690559015247,0.124989987
2025-10-09 15:32:16.059950113,7.008845454562898,0.124989987
2025-10-09 15:32:16.185039997,4.425058124117581,0.124989987
2025-10-09 15:32:16.309930086,3.1448789642367787,0.124989987
2025-10-09 15:32:16.435019970,5.423540430430199,0.124989987
2025-10-09 15:32:16.559920073,7.265931803199711,0.124989987
2025-10-09 15:32:16.685009956,7.44909530018317,0.124989987
2025-10-09 15:32:16.809999943,6.258839159126955,0.124989987
2025-10-09 15:32:16.935090065,4.301436470602815,0.124989987
2025-10-09 15:32:17.059880018,2.5181382326947426,0.124989987
2025-10-09 15:32:17.184979916,2.2298312176942896,0.124989987
2025-10-09 15:32:17.309870005,2.844587270086119,0.124989987
2025-10-09 15:32:17.434959888,3.0709912287196457,0.124989987
2025-10-09 15:32:17.559950113,3.0983687639522515,0.124989987
2025-10-09 15:32:17.685039997,3.4222873694847724,0.124989987
2025-10-09 15:32:17.809940100,3.5145699704066216,0.124989987
2025-10-09 15:32:17.935029984,2.6396836965411214,0.124989987
2025-10-09 15:32:18.059920073,2.4475084411380488,0.124989987
2025-10-09 15:32:18.185009956,4.535742866497395,0.124989987
2025-10-09 15:32:18.309900045,6.624774781735754,0.124989987
2025-10-09 15:32:18.434999943,7.444729586686209,0.124989987
2025-10-09 15:32:18.559890032,6.579118857611709,0.124989987
2025-10-09 15:32:18.684979916,4.520757770599526,0.124989987
2025-10-09 15:32:18.809870005,2.6740672532539262,0.124989987
2025-10-09 15:32:18.934969902,3.2135254956418198,0.124989987
2025-10-09 15:32:19.059859991,4.623236642046241,0.124989987
2025-10-09 15:32:19.184849977,4.965987045089324,0.124989987
2025-10-09 15:32:19.309740067,4.082295867760689,0.124989987
2025-10-09 15:32:19.434829950,2.911620169911418,0.124989987
2025-10-09 15:32:19.559730053,3.089016052076454,0.124989987
2025-10-09 15:32:19.684720039,3.891572270276116,0.124989987
2025-10-09 15:32:19.809609890,3.934132711441875,0.124989987
2025-10-09 15:32:19.934799910,3.440511902784381,0.124989987
2025-10-09 15:32:20.059689999,3.7416098205157633,0.124989987
2025-10-09 15:32:20.184789896,4.811361120129417,0.124989987
2025-10-09 15:32:20.309679985,5.147711959770282,0.124989987
2025-10-09 15:32:20.434770107,4.397086045206075,0.124989987
2025-10-09 15:32:20.559659958,3.2119980579970777,0.124989987
2025-10-09 15:32:20.684750080,2.6473586885847182,0.124989987
2025-10-09 15:32:20.809649944,2.9059847396529803,0.124989987
2025-10-09 15:32:20.934839964,3.3325278228706514,0.124989987
2025-10-09 15:32:21.059730053,3.4454961860305406,0.124989987
2025-10-09 15:32:21.184819937,3.198395621224491,0.124989987
2025-10-09 15:32:21.309720039,3.1653513387711003,0.124989987
2025-10-09 15:32:21.434809923,3.5179724283858453,0.124989987
2025-10-09 15:32:21.559700012,3.5155871786081483,0.124989987
2025-10-09 15:32:21.684789896,2.962758394749393,0.124989987
2025-10-09 15:32:21.809679985,3.0724775240362616,0.124989987
2025-10-09 15:32:21.934779882,4.13012115480442,0.124989987
2025-10-09 15:32:22.059570074,4.61980096991234,0.124989987
2025-10-09 15:32:22.184659958,3.915823923155381,0.124989987
2025-10-09 15:32:22.309550047,2.710179595909651,0.124989987
2025-10-09 15:32:22.434639931,2.1321053747284635,0.124989987
2025-10-09 15:32:22.559439898,2.125939151704724,0.124989987
2025-10-09 15:32:22.684530020,1.9860559158349493,0.124989987
2025-10-09 15:32:22.809420109,2.069279545588512,0.124989987
2025-10-09 15:32:22.934509993,2.627538371592316,0.124989987
2025-10-09 15:32:23.059509993,3.2392737020305957,0.124989987
2025-10-09 15:32:23.184600115,4.005858189120154,0.124989987
2025-10-09 15:32:23.309489965,4.965122713303871,0.124989987
2025-10-09 15:32:23.434580088,5.19167895715336,0.124989987
2025-10-09 15:32:23.559469938,4.038027413088971,0.124989987
2025-10-09 15:32:23.684570074,2.342693071237246,0.124989987
2025-10-09 15:32:23.809659958,3.12108808325382,0.124989987
2025-10-09 15:32:23.934750080,4.58090916610131,0.124989987
2025-10-09 15:32:24.059540033,4.433716479630492,0.124989987
2025-10-09 15:32:24.184629917,3.4415102284909738,0.124989987
2025-10-09 15:32:24.309530020,4.97102481021107,0.124989987
2025-10-09 15:32:24.434520006,7.758843449019898,0.124989987
2025-10-09 15:32:24.559509993,9.216295059981586,0.124989987
2025-10-09 15:32:24.684499979,8.39968779660655,0.124989987
2025-10-09 15:32:24.809499979,5.544879602882556,0.124989987
2025-10-09 15:32:24.934489965,2.529056968336023,0.124989987
2025-10-09 15:32:25.059479952,4.503798100969559,0.124989987
2025-10-09 15:32:25.184469938,7.584556291429711,0.124989987
2025-10-09 15:32:25.309459925,9.075717827099519,0.124989987
2025-10-09 15:32:25.434459925,8.57833621414048,0.124989987
2025-10-09 15:32:25.559449911,6.3813008413665155,0.124989987
2025-10-09 15:32:25.684439898,3.4014187613328355,0.124989987
2025-10-09 15:32:25.809530020,2.7255491614683813,0.124989987
2025-10-09 15:32:25.934530020,4.662370985069292,0.124989987
2025-10-09 15:32:26.059520006,5.656624391906361,0.124989987
2025-10-09 15:32:26.184509993,5.127959418032381,0.124989987
2025-10-09 15:32:26.309499979,3.539236731077479,0.124989987
2025-10-09 15:32:26.434499979,2.4027171305214012,0.124989987
2025-10-09 15:32:26.559489965,3.614561268570502,0.124989987
2025-10-09 15:32:26.684479952,5.929315002204808,0.124989987
2025-10-09 15:32:26.809469938,8.161554091413597,0.124989987
2025-10-09 15:32:26.934459925,9.317070204495135,0.124989987
2025-10-09 15:32:27.059360027,8.48376705474685,0.124989987
2025-10-09 15:32:27.184350014,5.423259994290058,0.124989987
2025-10-09 15:32:27.309340000,1.927437753275057,0.124989987
2025-10-09 15:32:27.434329987,4.949907838640534,0.124989987
2025-10-09 15:32:27.559329987,8.200915734219318,0.124989987
2025-10-09 15:32:27.684319973,9.208235091268033,0.124989987
2025-10-09 15:32:27.809309959,8.019121513985743,0.124989987
2025-10-09 15:32:27.934299946,5.548773026283109,0.124989987
2025-10-09 15:32:28.059289932,3.374683710480732,0.124989987
2025-10-09 15:32:28.184289932,4.082631295893985,0.124989987
2025-10-09 15:32:28.309279919,6.685930570445673,0.124989987
2025-10-09 15:32:28.434269905,8.727231432311338,0.124989987
2025-10-09 15:32:28.559259892,9.023033505328572,0.124989987
2025-10-09 15:32:28.684250116,7.13188366498073,0.124989987
2025-10-09 15:32:28.809250116,3.9147742166575834,0.124989987
2025-10-09 15:32:28.934240103,3.03177809732589,0.124989987
2025-10-09 15:32:29.059230089,5.056007560410883,0.124989987
2025-10-09 15:32:29.184220076,6.0025260552474915,0.124989987
2025-10-09 15:32:29.309210062,5.565284471844543,0.124989987
2025-10-09 15:32:29.434210062,4.790515002529478,0.124989987
2025-10-09 15:32:29.559299946,4.418754693076205,0.124989987
2025-10-09 15:32:29.684190035,4.243070427897468,0.124989987
2025-10-09 15:32:29.809180021,4.155530811018611,0.124989987
2025-10-09 15:32:29.934079885,4.283042743812744,0.124989987
2025-10-09 15:32:30.059070110,4.6382531288984215,0.124989987
2025-10-09 15:32:30.184060097,5.0023828420204905,0.124989987
2025-10-09 15:32:30.309050083,4.922730766471593,0.124989987
2025-10-09 15:32:30.433949947,4.294706782588656,0.124989987
2025-10-09 15:32:30.558939934,3.387787791302755,0.124989987
2025-10-09 15:32:30.683830023,2.641758425073155,0.124989987
2025-10-09 15:32:30.808820009,2.5167393043362676,0.124989987
2025-10-09 15:32:30.933809996,2.865789779084816,0.124989987
2025-10-09 15:32:31.058909893,3.0843636414161675,0.124989987
2025-10-09 15:32:31.183900118,3.0218526881555623,0.124989987
2025-10-09 15:32:31.308890104,3.1336176157032947,0.124989987
2025-10-09 15:32:31.433779955,3.957137942181698,0.124989987
2025-10-09 15:32:31.558779955,5.138348827288003,0.124989987
2025-10-09 15:32:31.683769941,6.143414588826967,0.124989987
2025-10-09 15:32:31.808860064,6.518669999331152,0.124989987
2025-10-09 15:32:31.933749914,6.272029189848927,0.124989987
2025-10-09 15:32:32.058840036,5.806298309568585,0.124989987
2025-10-09 15:32:32.183840036,5.26137912416602,0.124989987
2025-10-09 15:32:32.308830023,4.555551268618651,0.124989987
2025-10-09 15:32:32.433820009,4.024375194058452,0.124989987
2025-10-09 15:32:32.558809996,4.387559982353176,0.124989987
2025-10-09 15:32:32.683809996,5.012199358825622,0.124989987
2025-10-09 15:32:32.808900118,4.591160840608506,0.124989987
2025-10-09 15:32:32.933890104,3.497905749271985,0.124989987
2025-10-09 15:32:33.058880091,4.666348080495282,0.124989987
2025-10-09 15:32:33.183779955,6.894097450460068,0.124989987
2025-10-09 15:32:33.308670044,7.715594895490108,0.124989987
2025-10-09 15:32:33.433660030,6.661574858782344,0.124989987
2025-10-09 15:32:33.558749914,4.98243200083945,0.124989987
2025-10-09 15:32:33.683749914,4.501443447429835,0.124989987
2025-10-09 15:32:33.808739901,4.515863341451888,0.124989987
2025-10-09 15:32:33.933729887,3.7398838341548792,0.124989987
2025-10-09 15:32:34.058820009,3.2481071164367408,0.124989987
2025-10-09 15:32:34.183809996,4.308790553967202,0.124989987
2025-10-09 15:32:34.308809996,5.08575798325235,0.124989987
2025-10-09 15:32:34.433799982,4.806192697860126,0.124989987
2025-10-09 15:32:34.558789968,4.376659156972815,0.124989987
2025-10-09 15:32:34.683779955,4.510259384850721,0.124989987
2025-10-09 15:32:34.808870077,4.180695837670088,0.124989987
2025-10-09 15:32:34.933870077,2.82957472717898,0.124989987
2025-10-09 15:32:35.058759928,2.0985786398803357,0.124989987
2025-10-09 15:32:35.183749914,3.4851004410467143,0.124989987
2025-10-09 15:32:35.308739901,4.693100150041229,0.124989987
2025-10-09 15:32:35.433739901,4.79049180774469,0.124989987
2025-10-09 15:32:35.558729887,4.092406086698142,0.124989987
2025-10-09 15:32:35.683720112,3.4618535099065073,0.124989987
2025-10-09 15:32:35.808710098,3.556784903663841,0.124989987
2025-10-09 15:32:35.933710098,4.171016152627079,0.124989987
2025-10-09 15:32:36.058700085,5.267052283385461,0.124989987
2025-10-09 15:32:36.183690071,6.769776990773476,0.124989987
2025-10-09 15:32:36.308680058,8.306747415409536,0.124989987
2025-10-09 15:32:36.433680058,9.293290049092247,0.124989987
2025-10-09 15:32:36.558569908,8.891937871067645,0.124989987
2025-10-09 15:32:36.683559895,6.583074963392868,0.124989987
2025-10-09 15:32:36.808549881,3.4475141786551085,0.124989987
2025-10-09 15:32:36.933540106,4.335877308274187,0.124989987
2025-10-09 15:32:37.058439970,7.451242937694557,0.124989987
2025-10-09 15:32:37.183429956,8.921792982585899,0.124989987
2025-10-09 15:32:37.308320045,8.270163048849824,0.124989987
2025-10-09 15:32:37.433409929,6.2475972234972845,0.124989987
2025-10-09 15:32:37.558300018,4.178477379786805,0.124989987
2025-10-09 15:32:37.683300018,3.159885568516683,0.124989987
2025-10-09 15:32:37.808290005,2.87640275628275,0.124989987
2025-10-09 15:32:37.933279991,2.59875646338494,0.124989987
2025-10-09 15:32:38.058269978,2.5399461461838126,0.124989987
2025-10-09 15:32:38.183269978,3.5213817197817394,0.124989987
2025-10-09 15:32:38.308360100,5.420724682362313,0.124989987
2025-10-09 15:32:38.433350086,7.475635136638425,0.124989987
2025-10-09 15:32:38.558340073,8.766032805860926,0.124989987
2025-10-09 15:32:38.683330059,8.529140390270172,0.124989987
2025-10-09 15:32:38.808429956,6.732309057344068,0.124989987
2025-10-09 15:32:38.933419943,4.299052912976416,0.124989987
2025-10-09 15:32:39.058310032,3.8773755998618435,0.124989987
2025-10-09 15:32:39.183300018,5.701684000719348,0.124989987
2025-10-09 15:32:39.308199883,7.267534221138832,0.124989987
2025-10-09 15:32:39.433190107,8.643587103520678,0.124989987
2025-10-09 15:32:39.558180094,10.264739223032459,0.124989987
2025-10-09 15:32:39.683269978,10.812059878597188,0.124989987
2025-10-09 15:32:39.808259964,9.256834306292946,0.124989987
2025-10-09 15:32:39.933259964,5.883649390972917,0.124989987
2025-10-09 15:32:40.058150053,6.3953888070308915,0.124989987
2025-10-09 15:32:40.183140039,10.75359585261651,0.124989987
2025-10-09 15:32:40.308130026,13.54397510056645,0.124989987
2025-10-09 15:32:40.433130026,13.291530738497805,0.124989987
2025-10-09 15:32:40.558120012,10.669743281872295,0.124989987
2025-10-09 15:32:40.683310032,7.109456807730392,0.124989987
2025-10-09 15:32:40.808300018,4.171809749293345,0.124989987
2025-10-09 15:32:40.933300018,2.624386687384502,0.124989987
2025-10-09 15:32:41.058290005,2.0850262339133767,0.124989987
2025-10-09 15:32:41.183180094,2.1656217122457,0.124989987
2025-10-09 15:32:41.308170080,2.4003951586880445,0.124989987
2025-10-09 15:32:41.433170080,2.4031714711988403,0.124989987
2025-10-09 15:32:41.558160067,2.3360198244589023,0.124989987
2025-10-09 15:32:41.683249950,2.4552606610879417,0.124989987
2025-10-09 15:32:41.808239937,2.8198440180109254,0.124989987
2025-10-09 15:32:41.933229923,3.4827378295144475,0.124989987
2025-10-09 15:32:42.058229923,4.59619212466026,0.124989987
2025-10-09 15:32:42.183219910,6.26939097740554,0.124989987
2025-10-09 15:32:42.308209896,7.780089066591654,0.124989987
2025-10-09 15:32:42.433199883,8.311405878165319,0.124989987
2025-10-09 15:32:42.558300018,7.404761055347025,0.124989987
2025-10-09 15:32:42.683089972,5.546566216633585,0.124989987
2025-10-09 15:32:42.808079958,4.769480769303509,0.124989987
2025-10-09 15:32:42.933069944,6.2296426860103296,0.124989987
2025-10-09 15:32:43.058059931,7.598128956107748,0.124989987
2025-10-09 15:32:43.183059931,7.573582203218501,0.124989987
2025-10-09 15:32:43.308049917,6.171843406097241,0.124989987
2025-10-09 15:32:43.433039904,4.21489012584136,0.124989987
2025-10-09 15:32:43.558029890,3.1537529051290623,0.124989987
2025-10-09 15:32:43.683020115,3.3847692510231773,0.124989987
2025-10-09 15:32:43.808020115,3.649185255079139,0.124989987
2025-10-09 15:32:43.933010101,3.332326744672707,0.124989987
2025-10-09 15:32:44.058000088,2.57649623592894,0.124989987
2025-10-09 15:32:44.182889938,2.2354743344918995,0.124989987
2025-10-09 15:32:44.307889938,2.7453958863231365,0.124989987
2025-10-09 15:32:44.432780027,3.2024320862644386,0.124989987
2025-10-09 15:32:44.557770014,3.1431741075490867,0.124989987
2025-10-09 15:32:44.682859898,2.849920773827055,0.124989987
2025-10-09 15:32:44.807849884,2.8818758581396247,0.124989987
2025-10-09 15:32:44.932749987,3.1885219544153998,0.124989987
2025-10-09 15:32:45.057739973,3.220686868559252,0.124989987
2025-10-09 15:32:45.182729959,2.7374635104989076,0.124989987
2025-10-09 15:32:45.307719946,1.9245304315567469,0.124989987
2025-10-09 15:32:45.432719946,1.493347048104693,0.124989987
2025-10-09 15:32:45.557709932,1.830789065947249,0.124989987
2025-10-09 15:32:45.682699919,2.2415039878093013,0.124989987
2025-10-09 15:32:45.807689905,2.2959065884312446,0.124989987
2025-10-09 15:32:45.932689905,2.0707576577197537,0.124989987
2025-10-09 15:32:46.057780027,1.887577631775975,0.124989987
2025-10-09 15:32:46.182770014,1.9771038428565153,0.124989987
2025-10-09 15:32:46.307760000,2.0853645421971194,0.124989987
2025-10-09 15:32:46.432760000,1.7855057208751808,0.124989987
2025-10-09 15:32:46.557749987,1.7048069308106417,0.124989987
2025-10-09 15:32:46.682739973,3.055563425045862,0.124989987
2025-10-09 15:32:46.807729959,5.3271045929280385,0.124989987
2025-10-09 15:32:46.932630062,7.822042287980294,0.124989987
2025-10-09 15:32:47.057719946,9.69455496242205,0.124989987
2025-10-09 15:32:47.182709932,10.13867242132016,0.124989987
2025-10-09 15:32:47.307699919,8.741495289489265,0.124989987
2025-10-09 15:32:47.432689905,6.01134045385004,0.124989987
2025-10-09 15:32:47.557790041,3.72008341156136,0.124989987
2025-10-09 15:32:47.682679892,4.291309869578984,0.124989987
2025-10-09 15:32:47.807770014,5.777077200453012,0.124989987
2025-10-09 15:32:47.932660103,6.491783435653564,0.124989987
2025-10-09 15:32:48.057760000,6.561232191501456,0.124989987
2025-10-09 15:32:48.182650089,6.284911581271849,0.124989987
2025-10-09 15:32:48.307539940,5.700560114308592,0.124989987
2025-10-09 15:32:48.432539940,4.905010730501413,0.124989987
2025-10-09 15:32:48.557630062,4.131440007082034,0.124989987
2025-10-09 15:32:48.682620049,3.4960003004058793,0.124989987
2025-10-09 15:32:48.807709932,2.777301299159492,0.124989987
2025-10-09 15:32:48.932709932,2.156360701463,0.124989987
2025-10-09 15:32:49.057699919,2.473778117883858,0.124989987
2025-10-09 15:32:49.182689905,3.2002591059386107,0.124989987
2025-10-09 15:32:49.307579994,4.044627670366829,0.124989987
2025-10-09 15:32:49.432569981,5.503390331921134,0.124989987
2025-10-09 15:32:49.557569981,6.712229840380392,0.124989987
2025-10-09 15:32:49.682559967,6.288701517975153,0.124989987
2025-10-09 15:32:49.807549953,3.845975351003176,0.124989987
2025-10-09 15:32:49.932539940,1.9728359875301338,0.124989987
2025-10-09 15:32:50.057539940,4.679083486720129,0.124989987
2025-10-09 15:32:50.182529926,6.553470036623574,0.124989987
2025-10-09 15:32:50.307519913,6.459637590344755,0.124989987
2025-10-09 15:32:50.432509899,4.833303742760122,0.124989987
2025-10-09 15:32:50.557499886,2.8706740495225165,0.124989987
2025-10-09 15:32:50.682600021,2.1353805826341588,0.124989987
2025-10-09 15:32:50.807490110,2.4326642331748127,0.124989987
2025-10-09 15:32:50.932480097,2.5640729175393986,0.124989987
2025-10-09 15:32:51.057369947,2.45450046088914,0.124989987
2025-10-09 15:32:51.182369947,2.181043929182766,0.124989987
2025-10-09 15:32:51.307359934,2.0623693921662043,0.124989987
2025-10-09 15:32:51.432349920,2.2849758958231923,0.124989987
2025-10-09 15:32:51.557140112,2.5085459703152737,0.124989987
2025-10-09 15:32:51.682240009,2.366302059686168,0.124989987
2025-10-09 15:32:51.807229996,2.0159108432041335,0.124989987
2025-10-09 15:32:51.932219982,2.245894854582912,0.124989987
2025-10-09 15:32:52.057209969,3.3219874995005627,0.124989987
2025-10-09 15:32:52.182209969,4.3929402678559155,0.124989987
2025-10-09 15:32:52.307199955,4.717045806584562,0.124989987
2025-10-09 15:32:52.432290077,3.9554954088005214,0.124989987
2025-10-09 15:32:52.557280064,2.4954486995310075,0.124989987
2025-10-09 15:32:52.682280064,2.063490226264956,0.124989987
2025-10-09 15:32:52.807270050,3.4530260510319066,0.124989987
2025-10-09 15:32:52.932260036,4.513000083069908,0.124989987
2025-10-09 15:32:53.057250023,4.6205681099154905,0.124989987
2025-10-09 15:32:53.182240009,3.9839533656186283,0.124989987
2025-10-09 15:32:53.307240009,3.293607613335262,0.124989987
2025-10-09 15:32:53.432229996,3.070404767335245,0.124989987
2025-10-09 15:32:53.557219982,3.3336057344716097,0.124989987
2025-10-09 15:32:53.682219982,3.6712989250277617,0.124989987
2025-10-09 15:32:53.807209969,3.602047502013681,0.124989987
2025-10-09 15:32:53.932199955,3.0948323776778284,0.124989987
2025-10-09 15:32:54.057189941,2.8869124442641136,0.124989987
2025-10-09 15:32:54.182290077,3.378589303831704,0.124989987
2025-10-09 15:32:54.307280064,3.747255219533092,0.124989987
2025-10-09 15:32:54.432270050,3.2874094784112304,0.124989987
2025-10-09 15:32:54.557260036,2.245470724759065,0.124989987
2025-10-09 15:32:54.682250023,1.93945856567342,0.124989987
2025-10-09 15:32:54.807250023,2.9928656602360224,0.124989987
2025-10-09 15:32:54.932240009,3.8922329730082956,0.124989987
2025-10-09 15:32:55.057229996,3.9771432758630914,0.124989987
2025-10-09 15:32:55.182219982,3.3714069314753448,0.124989987
2025-10-09 15:32:55.307219982,2.565175667293568,0.124989987
2025-10-09 15:32:55.432209969,2.10454666101277,0.124989987
2025-10-09 15:32:55.557199955,2.1308494204199415,0.124989987
2025-10-09 15:32:55.682189941,2.398225807651565,0.124989987
2025-10-09 15:32:55.807090044,2.598612522001501,0.124989987
2025-10-09 15:32:55.932080030,2.7297886824591386,0.124989987
2025-10-09 15:32:56.056969881,2.962090123202196,0.124989987
2025-10-09 15:32:56.181960106,3.5373431531081345,0.124989987
2025-10-09 15:32:56.306859970,4.391251245729854,0.124989987
2025-10-09 15:32:56.431849957,5.393183595314831,0.124989987
2025-10-09 15:32:56.556740046,6.2400562335603995,0.124989987
2025-10-09 15:32:56.681730032,6.467826505458151,0.124989987
2025-10-09 15:32:56.806819916,5.93118018287204,0.124989987
2025-10-09 15:32:56.931819916,5.054724545769334,0.124989987
2025-10-09 15:32:57.056809902,4.630635355167799,0.124989987
2025-10-09 15:32:57.181799889,4.746468355022394,0.124989987
2025-10-09 15:32:57.306689978,4.9103709726738565,0.124989987
2025-10-09 15:32:57.431689978,4.880811322234655,0.124989987
2025-10-09 15:32:57.556780100,4.5414869432344505,0.124989987
2025-10-09 15:32:57.681669950,3.940090051436009,0.124989987
2025-10-09 15:32:57.806659937,4.232266015846948,0.124989987
2025-10-09 15:32:57.931659937,5.760714883408308,0.124989987
2025-10-09 15:32:58.056750059,7.15779213976293,0.124989987
2025-10-09 15:32:58.181639910,7.612314313986188,0.124989987
2025-10-09 15:32:58.306730032,7.252217668332907,0.124989987
2025-10-09 15:32:58.431629896,6.727823054303376,0.124989987
2025-10-09 15:32:58.556619883,6.408050379203335,0.124989987
2025-10-09 15:32:58.681610107,6.179732325595665,0.124989987
2025-10-09 15:32:58.806699991,6.0439915178592045,0.124989987
2025-10-09 15:32:58.931590080,6.040932231136018,0.124989987
2025-10-09 15:32:59.056689978,6.165675226562538,0.124989987
2025-10-09 15:32:59.181679964,6.414612396646815,0.124989987
2025-10-09 15:32:59.306669950,6.4541669257207,0.124989987
2025-10-09 15:32:59.431560040,6.067217149830389,0.124989987
2025-10-09 15:32:59.556560040,5.528109109114255,0.124989987
2025-10-09 15:32:59.681449890,5.637625687826126,0.124989987
2025-10-09 15:32:59.806540012,6.094008804195642,0.124989987
2025-10-09 15:32:59.931430101,5.792797199391068,0.124989987
2025-10-09 15:33:00.056529999,4.640648691728884,0.124989987
2025-10-09 15:33:00.181420088,3.6598309782112888,0.124989987
2025-10-09 15:33:00.306610107,3.4565618725087215,0.124989987
2025-10-09 15:33:00.431499958,3.174865890415058,0.124989987
2025-10-09 15:33:00.556499958,2.8573829614120676,0.124989987
2025-10-09 15:33:00.681390047,3.3955122095165553,0.124989987
2025-10-09 15:33:00.806580067,4.28483395697383,0.124989987
2025-10-09 15:33:00.931469917,4.671735707419459,0.124989987
2025-10-09 15:33:01.056560040,4.4733503474024925,0.124989987
2025-10-09 15:33:01.181459904,4.019959079555536,0.124989987
2025-10-09 15:33:01.306649923,3.5307075506998604,0.124989987
2025-10-09 15:33:01.431540012,3.043961204391738,0.124989987
2025-10-09 15:33:01.556430101,2.557146191734058,0.124989987
2025-10-09 15:33:01.681329966,2.302318019953369,0.124989987
2025-10-09 15:33:01.806519985,2.4879151446860077,0.124989987
2025-10-09 15:33:01.931410074,2.8793702475551837,0.124989987
2025-10-09 15:33:02.056400061,3.403039037319437,0.124989987
2025-10-09 15:33:02.181400061,4.435229024120176,0.124989987
2025-10-09 15:33:02.306390047,5.953443311336894,0.124989987
2025-10-09 15:33:02.431279898,7.077664972152116,0.124989987
2025-10-09 15:33:02.556370020,6.7900206678816515,0.124989987
2025-10-09 15:33:02.681269884,5.024491143784414,0.124989987
2025-10-09 15:33:02.806459904,3.6835343373997476,0.124989987
2025-10-09 15:33:02.931349993,5.466594981841531,0.124989987
2025-10-09 15:33:03.056440115,7.557578163366356,0.124989987
2025-10-09 15:33:03.181339979,7.866757784144177,0.124989987
2025-10-09 15:33:03.306430101,6.2897721051131885,0.124989987
2025-10-09 15:33:03.431319952,4.19146382340931,0.124989987
2025-10-09 15:33:03.556410074,3.6650965430991036,0.124989987
2025-10-09 15:33:03.681299925,3.996253793861447,0.124989987
2025-10-09 15:33:03.806400061,3.5871197428049433,0.124989987
2025-10-09 15:33:03.931289911,4.616130317574667,0.124989987
2025-10-09 15:33:04.056380033,8.007314842287705,0.124989987
2025-10-09 15:33:04.181269884,10.6696129128265,0.124989987
2025-10-09 15:33:04.306269884,10.428551233469681,0.124989987
2025-10-09 15:33:04.431159973,6.81018051404271,0.124989987
2025-10-09 15:33:04.556349993,2.000325754121312,0.124989987
2025-10-09 15:33:04.681240082,6.865222032009961,0.124989987
2025-10-09 15:33:04.806240082,11.919726674660161,0.124989987
2025-10-09 15:33:04.931129932,13.717891274876726,0.124989987
2025-10-09 15:33:05.056319952,11.876173053035773,0.124989987
2025-10-09 15:33:05.181210041,7.161386186396248,0.124989987
2025-10-09 15:33:05.306309938,2.3234855791590356,0.124989987
2025-10-09 15:33:05.431200027,5.39444298602942,0.124989987
2025-10-09 15:33:05.556190014,8.42987946347455,0.124989987
2025-10-09 15:33:05.681080103,8.639244682093222,0.124989987
2025-10-09 15:33:05.806269884,6.287313772616569,0.124989987
2025-10-09 15:33:05.931169987,2.986252175779367,0.124989987
2025-10-09 15:33:06.056260109,3.680151963337656,0.124989987
2025-10-09 15:33:06.181149960,6.381076364705174,0.124989987
2025-10-09 15:33:06.306240082,7.501022636586029,0.124989987
2025-10-09 15:33:06.431139946,6.855949181378024,0.124989987
2025-10-09 15:33:06.556230068,5.160546754807188,0.124989987
2025-10-09 15:33:06.681119919,3.410199945619465,0.124989987
2025-10-09 15:33:06.806210041,2.4427005848695416,0.124989987
2025-10-09 15:33:06.931109905,2.304438707562863,0.124989987
